%YAML 1.1
%TAG !u! tag:unity3d.com,2011:
--- !u!1 &6760365235705805333
GameObject:
  m_ObjectHideFlags: 0
  m_CorrespondingSourceObject: {fileID: 0}
  m_PrefabInstance: {fileID: 0}
  m_PrefabAsset: {fileID: 0}
  serializedVersion: 6
  m_Component:
  - component: {fileID: 6760365235705805330}
  - component: {fileID: 6760365235705805331}
  m_Layer: 0
  m_Name: Level 4
  m_TagString: Untagged
  m_Icon: {fileID: 0}
  m_NavMeshLayer: 0
  m_StaticEditorFlags: 0
  m_IsActive: 1
--- !u!4 &6760365235705805330
Transform:
  m_ObjectHideFlags: 0
  m_CorrespondingSourceObject: {fileID: 0}
  m_PrefabInstance: {fileID: 0}
  m_PrefabAsset: {fileID: 0}
  m_GameObject: {fileID: 6760365235705805333}
  m_LocalRotation: {x: 0, y: 0, z: 0, w: 1}
  m_LocalPosition: {x: 0, y: 0, z: 0}
  m_LocalScale: {x: 1, y: 1, z: 1}
  m_Children:
  - {fileID: 7147201736679298438}
  - {fileID: 7147201736267441314}
  - {fileID: 7147201737339924380}
  - {fileID: 7147201736627720896}
  - {fileID: 7147201737662729207}
  - {fileID: 7147201737641411842}
  - {fileID: 7147201737674326474}
  - {fileID: 7969139413499703245}
  - {fileID: 2209554527614817711}
  - {fileID: 3060957622492596009}
  - {fileID: 752570728333370674}
  - {fileID: 1342759850295475467}
  - {fileID: 2455978654541338635}
  - {fileID: 8546430612118017499}
  - {fileID: 2200376665005808599}
  - {fileID: 512625845476311333}
  m_Father: {fileID: 0}
  m_RootOrder: 0
  m_LocalEulerAnglesHint: {x: 0, y: 0, z: 0}
--- !u!114 &6760365235705805331
MonoBehaviour:
  m_ObjectHideFlags: 0
  m_CorrespondingSourceObject: {fileID: 0}
  m_PrefabInstance: {fileID: 0}
  m_PrefabAsset: {fileID: 0}
  m_GameObject: {fileID: 6760365235705805333}
  m_Enabled: 1
  m_EditorHideFlags: 0
  m_Script: {fileID: 11500000, guid: d7bc8d08b48f189489f5cf191c1b8b3f, type: 3}
  m_Name: 
  m_EditorClassIdentifier: 
--- !u!1001 &1478560550458992804
PrefabInstance:
  m_ObjectHideFlags: 0
  serializedVersion: 2
  m_Modification:
    m_TransformParent: {fileID: 6760365235705805330}
    m_Modifications:
    - target: {fileID: 4539155917122416512, guid: 353acd350ef769d42b815295a787fc5f,
        type: 3}
      propertyPath: m_Name
      value: Item (14)
      objectReference: {fileID: 0}
    - target: {fileID: 4539155917122416514, guid: 353acd350ef769d42b815295a787fc5f,
        type: 3}
      propertyPath: m_Sprite
      value: 
      objectReference: {fileID: 21300000, guid: d53d995409c4641d4b1ff840c1e87d95,
        type: 3}
    - target: {fileID: 4539155917122416514, guid: 353acd350ef769d42b815295a787fc5f,
        type: 3}
      propertyPath: m_Color.b
      value: 1
      objectReference: {fileID: 0}
    - target: {fileID: 4539155917122416514, guid: 353acd350ef769d42b815295a787fc5f,
        type: 3}
      propertyPath: m_Color.g
      value: 1
      objectReference: {fileID: 0}
    - target: {fileID: 4539155917122416514, guid: 353acd350ef769d42b815295a787fc5f,
        type: 3}
      propertyPath: m_Color.r
      value: 1
      objectReference: {fileID: 0}
    - target: {fileID: 4539155917122416515, guid: 353acd350ef769d42b815295a787fc5f,
        type: 3}
      propertyPath: _name
      value: 5
      objectReference: {fileID: 0}
    - target: {fileID: 4539155917122416524, guid: 353acd350ef769d42b815295a787fc5f,
        type: 3}
      propertyPath: m_SpriteTilingProperty.oldSize.x
      value: 11.86
      objectReference: {fileID: 0}
    - target: {fileID: 4539155917122416524, guid: 353acd350ef769d42b815295a787fc5f,
        type: 3}
      propertyPath: m_SpriteTilingProperty.oldSize.y
      value: 19.01
      objectReference: {fileID: 0}
    - target: {fileID: 4539155917122416525, guid: 353acd350ef769d42b815295a787fc5f,
        type: 3}
      propertyPath: m_RootOrder
      value: 9
      objectReference: {fileID: 0}
    - target: {fileID: 4539155917122416525, guid: 353acd350ef769d42b815295a787fc5f,
        type: 3}
      propertyPath: m_LocalScale.x
      value: 0.033338595
      objectReference: {fileID: 0}
    - target: {fileID: 4539155917122416525, guid: 353acd350ef769d42b815295a787fc5f,
        type: 3}
      propertyPath: m_LocalScale.y
      value: 0.03277409
      objectReference: {fileID: 0}
    - target: {fileID: 4539155917122416525, guid: 353acd350ef769d42b815295a787fc5f,
        type: 3}
      propertyPath: m_LocalScale.z
      value: 0.1
      objectReference: {fileID: 0}
    - target: {fileID: 4539155917122416525, guid: 353acd350ef769d42b815295a787fc5f,
        type: 3}
      propertyPath: m_LocalPosition.x
      value: 1.912
      objectReference: {fileID: 0}
    - target: {fileID: 4539155917122416525, guid: 353acd350ef769d42b815295a787fc5f,
        type: 3}
      propertyPath: m_LocalPosition.y
      value: 4.863
      objectReference: {fileID: 0}
    - target: {fileID: 4539155917122416525, guid: 353acd350ef769d42b815295a787fc5f,
        type: 3}
      propertyPath: m_LocalPosition.z
      value: -0.1
      objectReference: {fileID: 0}
    - target: {fileID: 4539155917122416525, guid: 353acd350ef769d42b815295a787fc5f,
        type: 3}
      propertyPath: m_LocalRotation.w
      value: 1
      objectReference: {fileID: 0}
    - target: {fileID: 4539155917122416525, guid: 353acd350ef769d42b815295a787fc5f,
        type: 3}
      propertyPath: m_LocalRotation.x
      value: 0
      objectReference: {fileID: 0}
    - target: {fileID: 4539155917122416525, guid: 353acd350ef769d42b815295a787fc5f,
        type: 3}
      propertyPath: m_LocalRotation.y
      value: 0
      objectReference: {fileID: 0}
    - target: {fileID: 4539155917122416525, guid: 353acd350ef769d42b815295a787fc5f,
        type: 3}
      propertyPath: m_LocalRotation.z
      value: 0
      objectReference: {fileID: 0}
    - target: {fileID: 4539155917122416525, guid: 353acd350ef769d42b815295a787fc5f,
        type: 3}
      propertyPath: m_LocalEulerAnglesHint.x
      value: 0
      objectReference: {fileID: 0}
    - target: {fileID: 4539155917122416525, guid: 353acd350ef769d42b815295a787fc5f,
        type: 3}
      propertyPath: m_LocalEulerAnglesHint.y
      value: 0
      objectReference: {fileID: 0}
    - target: {fileID: 4539155917122416525, guid: 353acd350ef769d42b815295a787fc5f,
        type: 3}
      propertyPath: m_LocalEulerAnglesHint.z
      value: 0
      objectReference: {fileID: 0}
    m_RemovedComponents: []
  m_SourcePrefab: {fileID: 100100000, guid: 353acd350ef769d42b815295a787fc5f, type: 3}
--- !u!4 &3060957622492596009 stripped
Transform:
  m_CorrespondingSourceObject: {fileID: 4539155917122416525, guid: 353acd350ef769d42b815295a787fc5f,
    type: 3}
  m_PrefabInstance: {fileID: 1478560550458992804}
  m_PrefabAsset: {fileID: 0}
--- !u!1001 &2083814035900430214
PrefabInstance:
  m_ObjectHideFlags: 0
  serializedVersion: 2
  m_Modification:
    m_TransformParent: {fileID: 6760365235705805330}
    m_Modifications:
    - target: {fileID: 4539155917122416512, guid: 353acd350ef769d42b815295a787fc5f,
        type: 3}
      propertyPath: m_Name
      value: Item (9)
      objectReference: {fileID: 0}
    - target: {fileID: 4539155917122416514, guid: 353acd350ef769d42b815295a787fc5f,
        type: 3}
      propertyPath: m_Sprite
      value: 
      objectReference: {fileID: 21300000, guid: 3d3c3c25c100b412ea4043b742f2dc32,
        type: 3}
    - target: {fileID: 4539155917122416514, guid: 353acd350ef769d42b815295a787fc5f,
        type: 3}
      propertyPath: m_Color.b
      value: 1
      objectReference: {fileID: 0}
    - target: {fileID: 4539155917122416514, guid: 353acd350ef769d42b815295a787fc5f,
        type: 3}
      propertyPath: m_Color.g
      value: 1
      objectReference: {fileID: 0}
    - target: {fileID: 4539155917122416514, guid: 353acd350ef769d42b815295a787fc5f,
        type: 3}
      propertyPath: m_Color.r
      value: 1
      objectReference: {fileID: 0}
    - target: {fileID: 4539155917122416515, guid: 353acd350ef769d42b815295a787fc5f,
        type: 3}
      propertyPath: _name
      value: 2
      objectReference: {fileID: 0}
    - target: {fileID: 4539155917122416524, guid: 353acd350ef769d42b815295a787fc5f,
        type: 3}
      propertyPath: m_SpriteTilingProperty.oldSize.x
      value: 11.53
      objectReference: {fileID: 0}
    - target: {fileID: 4539155917122416524, guid: 353acd350ef769d42b815295a787fc5f,
        type: 3}
      propertyPath: m_SpriteTilingProperty.oldSize.y
      value: 9.01
      objectReference: {fileID: 0}
    - target: {fileID: 4539155917122416525, guid: 353acd350ef769d42b815295a787fc5f,
        type: 3}
      propertyPath: m_RootOrder
      value: 12
      objectReference: {fileID: 0}
    - target: {fileID: 4539155917122416525, guid: 353acd350ef769d42b815295a787fc5f,
        type: 3}
      propertyPath: m_LocalScale.x
      value: 0.039368592
      objectReference: {fileID: 0}
    - target: {fileID: 4539155917122416525, guid: 353acd350ef769d42b815295a787fc5f,
        type: 3}
      propertyPath: m_LocalScale.y
      value: 0.043259796
      objectReference: {fileID: 0}
    - target: {fileID: 4539155917122416525, guid: 353acd350ef769d42b815295a787fc5f,
        type: 3}
      propertyPath: m_LocalScale.z
      value: 0.1
      objectReference: {fileID: 0}
    - target: {fileID: 4539155917122416525, guid: 353acd350ef769d42b815295a787fc5f,
        type: 3}
      propertyPath: m_LocalPosition.x
      value: -1.106
      objectReference: {fileID: 0}
    - target: {fileID: 4539155917122416525, guid: 353acd350ef769d42b815295a787fc5f,
        type: 3}
      propertyPath: m_LocalPosition.y
      value: 1.83
      objectReference: {fileID: 0}
    - target: {fileID: 4539155917122416525, guid: 353acd350ef769d42b815295a787fc5f,
        type: 3}
      propertyPath: m_LocalPosition.z
      value: -0.1
      objectReference: {fileID: 0}
    - target: {fileID: 4539155917122416525, guid: 353acd350ef769d42b815295a787fc5f,
        type: 3}
      propertyPath: m_LocalRotation.w
      value: 1
      objectReference: {fileID: 0}
    - target: {fileID: 4539155917122416525, guid: 353acd350ef769d42b815295a787fc5f,
        type: 3}
      propertyPath: m_LocalRotation.x
      value: 0
      objectReference: {fileID: 0}
    - target: {fileID: 4539155917122416525, guid: 353acd350ef769d42b815295a787fc5f,
        type: 3}
      propertyPath: m_LocalRotation.y
      value: 0
      objectReference: {fileID: 0}
    - target: {fileID: 4539155917122416525, guid: 353acd350ef769d42b815295a787fc5f,
        type: 3}
      propertyPath: m_LocalRotation.z
      value: 0
      objectReference: {fileID: 0}
    - target: {fileID: 4539155917122416525, guid: 353acd350ef769d42b815295a787fc5f,
        type: 3}
      propertyPath: m_LocalEulerAnglesHint.x
      value: 0
      objectReference: {fileID: 0}
    - target: {fileID: 4539155917122416525, guid: 353acd350ef769d42b815295a787fc5f,
        type: 3}
      propertyPath: m_LocalEulerAnglesHint.y
      value: 0
      objectReference: {fileID: 0}
    - target: {fileID: 4539155917122416525, guid: 353acd350ef769d42b815295a787fc5f,
        type: 3}
      propertyPath: m_LocalEulerAnglesHint.z
      value: 0
      objectReference: {fileID: 0}
    m_RemovedComponents: []
  m_SourcePrefab: {fileID: 100100000, guid: 353acd350ef769d42b815295a787fc5f, type: 3}
--- !u!4 &2455978654541338635 stripped
Transform:
  m_CorrespondingSourceObject: {fileID: 4539155917122416525, guid: 353acd350ef769d42b815295a787fc5f,
    type: 3}
  m_PrefabInstance: {fileID: 2083814035900430214}
  m_PrefabAsset: {fileID: 0}
--- !u!1001 &2330534067770489378
PrefabInstance:
  m_ObjectHideFlags: 0
  serializedVersion: 2
  m_Modification:
    m_TransformParent: {fileID: 6760365235705805330}
    m_Modifications:
    - target: {fileID: 4539155917122416512, guid: 353acd350ef769d42b815295a787fc5f,
        type: 3}
      propertyPath: m_Name
      value: Item (12)
      objectReference: {fileID: 0}
    - target: {fileID: 4539155917122416514, guid: 353acd350ef769d42b815295a787fc5f,
        type: 3}
      propertyPath: m_Sprite
      value: 
      objectReference: {fileID: 21300000, guid: 55a01dd210c8c498b8d0a6487ac328b5,
        type: 3}
    - target: {fileID: 4539155917122416514, guid: 353acd350ef769d42b815295a787fc5f,
        type: 3}
      propertyPath: m_Color.b
      value: 1
      objectReference: {fileID: 0}
    - target: {fileID: 4539155917122416514, guid: 353acd350ef769d42b815295a787fc5f,
        type: 3}
      propertyPath: m_Color.g
      value: 1
      objectReference: {fileID: 0}
    - target: {fileID: 4539155917122416514, guid: 353acd350ef769d42b815295a787fc5f,
        type: 3}
      propertyPath: m_Color.r
      value: 1
      objectReference: {fileID: 0}
    - target: {fileID: 4539155917122416515, guid: 353acd350ef769d42b815295a787fc5f,
        type: 3}
      propertyPath: _name
      value: 4
      objectReference: {fileID: 0}
    - target: {fileID: 4539155917122416524, guid: 353acd350ef769d42b815295a787fc5f,
        type: 3}
      propertyPath: m_SpriteTilingProperty.oldSize.x
      value: 12.37
      objectReference: {fileID: 0}
    - target: {fileID: 4539155917122416524, guid: 353acd350ef769d42b815295a787fc5f,
        type: 3}
      propertyPath: m_SpriteTilingProperty.oldSize.y
      value: 11.53
      objectReference: {fileID: 0}
    - target: {fileID: 4539155917122416525, guid: 353acd350ef769d42b815295a787fc5f,
        type: 3}
      propertyPath: m_RootOrder
      value: 8
      objectReference: {fileID: 0}
    - target: {fileID: 4539155917122416525, guid: 353acd350ef769d42b815295a787fc5f,
        type: 3}
      propertyPath: m_LocalScale.x
      value: 0.02966589
      objectReference: {fileID: 0}
    - target: {fileID: 4539155917122416525, guid: 353acd350ef769d42b815295a787fc5f,
        type: 3}
      propertyPath: m_LocalScale.y
      value: 0.03433409
      objectReference: {fileID: 0}
    - target: {fileID: 4539155917122416525, guid: 353acd350ef769d42b815295a787fc5f,
        type: 3}
      propertyPath: m_LocalScale.z
      value: 0.1
      objectReference: {fileID: 0}
    - target: {fileID: 4539155917122416525, guid: 353acd350ef769d42b815295a787fc5f,
        type: 3}
      propertyPath: m_LocalPosition.x
      value: 0.621
      objectReference: {fileID: 0}
    - target: {fileID: 4539155917122416525, guid: 353acd350ef769d42b815295a787fc5f,
        type: 3}
      propertyPath: m_LocalPosition.y
      value: -1.811
      objectReference: {fileID: 0}
    - target: {fileID: 4539155917122416525, guid: 353acd350ef769d42b815295a787fc5f,
        type: 3}
      propertyPath: m_LocalPosition.z
      value: -0.1
      objectReference: {fileID: 0}
    - target: {fileID: 4539155917122416525, guid: 353acd350ef769d42b815295a787fc5f,
        type: 3}
      propertyPath: m_LocalRotation.w
      value: 1
      objectReference: {fileID: 0}
    - target: {fileID: 4539155917122416525, guid: 353acd350ef769d42b815295a787fc5f,
        type: 3}
      propertyPath: m_LocalRotation.x
      value: 0
      objectReference: {fileID: 0}
    - target: {fileID: 4539155917122416525, guid: 353acd350ef769d42b815295a787fc5f,
        type: 3}
      propertyPath: m_LocalRotation.y
      value: 0
      objectReference: {fileID: 0}
    - target: {fileID: 4539155917122416525, guid: 353acd350ef769d42b815295a787fc5f,
        type: 3}
      propertyPath: m_LocalRotation.z
      value: 0
      objectReference: {fileID: 0}
    - target: {fileID: 4539155917122416525, guid: 353acd350ef769d42b815295a787fc5f,
        type: 3}
      propertyPath: m_LocalEulerAnglesHint.x
      value: 0
      objectReference: {fileID: 0}
    - target: {fileID: 4539155917122416525, guid: 353acd350ef769d42b815295a787fc5f,
        type: 3}
      propertyPath: m_LocalEulerAnglesHint.y
      value: 0
      objectReference: {fileID: 0}
    - target: {fileID: 4539155917122416525, guid: 353acd350ef769d42b815295a787fc5f,
        type: 3}
      propertyPath: m_LocalEulerAnglesHint.z
      value: 0
      objectReference: {fileID: 0}
    m_RemovedComponents: []
  m_SourcePrefab: {fileID: 100100000, guid: 353acd350ef769d42b815295a787fc5f, type: 3}
--- !u!4 &2209554527614817711 stripped
Transform:
  m_CorrespondingSourceObject: {fileID: 4539155917122416525, guid: 353acd350ef769d42b815295a787fc5f,
    type: 3}
  m_PrefabInstance: {fileID: 2330534067770489378}
  m_PrefabAsset: {fileID: 0}
--- !u!1001 &2339370051763401818
PrefabInstance:
  m_ObjectHideFlags: 0
  serializedVersion: 2
  m_Modification:
    m_TransformParent: {fileID: 6760365235705805330}
    m_Modifications:
    - target: {fileID: 4539155917122416512, guid: 353acd350ef769d42b815295a787fc5f,
        type: 3}
      propertyPath: m_Name
      value: Item (13)
      objectReference: {fileID: 0}
    - target: {fileID: 4539155917122416514, guid: 353acd350ef769d42b815295a787fc5f,
        type: 3}
      propertyPath: m_Sprite
      value: 
      objectReference: {fileID: 21300000, guid: ae38d8aa900f8470ba0de08349cd6a08,
        type: 3}
    - target: {fileID: 4539155917122416514, guid: 353acd350ef769d42b815295a787fc5f,
        type: 3}
      propertyPath: m_Color.b
      value: 1
      objectReference: {fileID: 0}
    - target: {fileID: 4539155917122416514, guid: 353acd350ef769d42b815295a787fc5f,
        type: 3}
      propertyPath: m_Color.g
      value: 1
      objectReference: {fileID: 0}
    - target: {fileID: 4539155917122416514, guid: 353acd350ef769d42b815295a787fc5f,
        type: 3}
      propertyPath: m_Color.r
      value: 1
      objectReference: {fileID: 0}
    - target: {fileID: 4539155917122416515, guid: 353acd350ef769d42b815295a787fc5f,
        type: 3}
      propertyPath: _name
      value: 3
      objectReference: {fileID: 0}
    - target: {fileID: 4539155917122416524, guid: 353acd350ef769d42b815295a787fc5f,
        type: 3}
      propertyPath: m_SpriteTilingProperty.oldSize.x
      value: 15.18
      objectReference: {fileID: 0}
    - target: {fileID: 4539155917122416524, guid: 353acd350ef769d42b815295a787fc5f,
        type: 3}
      propertyPath: m_SpriteTilingProperty.oldSize.y
      value: 8.97
      objectReference: {fileID: 0}
    - target: {fileID: 4539155917122416525, guid: 353acd350ef769d42b815295a787fc5f,
        type: 3}
      propertyPath: m_RootOrder
      value: 14
      objectReference: {fileID: 0}
    - target: {fileID: 4539155917122416525, guid: 353acd350ef769d42b815295a787fc5f,
        type: 3}
      propertyPath: m_LocalScale.x
      value: 0.033384606
      objectReference: {fileID: 0}
    - target: {fileID: 4539155917122416525, guid: 353acd350ef769d42b815295a787fc5f,
        type: 3}
      propertyPath: m_LocalScale.y
      value: 0.046897456
      objectReference: {fileID: 0}
    - target: {fileID: 4539155917122416525, guid: 353acd350ef769d42b815295a787fc5f,
        type: 3}
      propertyPath: m_LocalScale.z
      value: 0.1
      objectReference: {fileID: 0}
    - target: {fileID: 4539155917122416525, guid: 353acd350ef769d42b815295a787fc5f,
        type: 3}
      propertyPath: m_LocalPosition.x
      value: 0.727
      objectReference: {fileID: 0}
    - target: {fileID: 4539155917122416525, guid: 353acd350ef769d42b815295a787fc5f,
        type: 3}
      propertyPath: m_LocalPosition.y
      value: 3.896
      objectReference: {fileID: 0}
    - target: {fileID: 4539155917122416525, guid: 353acd350ef769d42b815295a787fc5f,
        type: 3}
      propertyPath: m_LocalPosition.z
      value: -0.18
      objectReference: {fileID: 0}
    - target: {fileID: 4539155917122416525, guid: 353acd350ef769d42b815295a787fc5f,
        type: 3}
      propertyPath: m_LocalRotation.w
      value: 0.020583363
      objectReference: {fileID: 0}
    - target: {fileID: 4539155917122416525, guid: 353acd350ef769d42b815295a787fc5f,
        type: 3}
      propertyPath: m_LocalRotation.x
      value: -0
      objectReference: {fileID: 0}
    - target: {fileID: 4539155917122416525, guid: 353acd350ef769d42b815295a787fc5f,
        type: 3}
      propertyPath: m_LocalRotation.y
      value: -0.9997881
      objectReference: {fileID: 0}
    - target: {fileID: 4539155917122416525, guid: 353acd350ef769d42b815295a787fc5f,
        type: 3}
      propertyPath: m_LocalRotation.z
      value: -0
      objectReference: {fileID: 0}
    - target: {fileID: 4539155917122416525, guid: 353acd350ef769d42b815295a787fc5f,
        type: 3}
      propertyPath: m_LocalEulerAnglesHint.x
      value: 0
      objectReference: {fileID: 0}
    - target: {fileID: 4539155917122416525, guid: 353acd350ef769d42b815295a787fc5f,
        type: 3}
      propertyPath: m_LocalEulerAnglesHint.y
      value: -177.641
      objectReference: {fileID: 0}
    - target: {fileID: 4539155917122416525, guid: 353acd350ef769d42b815295a787fc5f,
        type: 3}
      propertyPath: m_LocalEulerAnglesHint.z
      value: 0
      objectReference: {fileID: 0}
    m_RemovedComponents: []
  m_SourcePrefab: {fileID: 100100000, guid: 353acd350ef769d42b815295a787fc5f, type: 3}
--- !u!4 &2200376665005808599 stripped
Transform:
  m_CorrespondingSourceObject: {fileID: 4539155917122416525, guid: 353acd350ef769d42b815295a787fc5f,
    type: 3}
  m_PrefabInstance: {fileID: 2339370051763401818}
  m_PrefabAsset: {fileID: 0}
--- !u!1001 &3196468017310798470
PrefabInstance:
  m_ObjectHideFlags: 0
  serializedVersion: 2
  m_Modification:
    m_TransformParent: {fileID: 6760365235705805330}
    m_Modifications:
    - target: {fileID: 4539155917122416512, guid: 353acd350ef769d42b815295a787fc5f,
        type: 3}
      propertyPath: m_Name
      value: Item (8)
      objectReference: {fileID: 0}
    - target: {fileID: 4539155917122416514, guid: 353acd350ef769d42b815295a787fc5f,
        type: 3}
      propertyPath: m_Sprite
      value: 
      objectReference: {fileID: 21300000, guid: 3e7309706a9f2412f8ccc6a973694aa0,
        type: 3}
    - target: {fileID: 4539155917122416514, guid: 353acd350ef769d42b815295a787fc5f,
        type: 3}
      propertyPath: m_Color.b
      value: 1
      objectReference: {fileID: 0}
    - target: {fileID: 4539155917122416514, guid: 353acd350ef769d42b815295a787fc5f,
        type: 3}
      propertyPath: m_Color.g
      value: 1
      objectReference: {fileID: 0}
    - target: {fileID: 4539155917122416514, guid: 353acd350ef769d42b815295a787fc5f,
        type: 3}
      propertyPath: m_Color.r
      value: 1
      objectReference: {fileID: 0}
    - target: {fileID: 4539155917122416515, guid: 353acd350ef769d42b815295a787fc5f,
        type: 3}
      propertyPath: _name
      value: 8
      objectReference: {fileID: 0}
    - target: {fileID: 4539155917122416524, guid: 353acd350ef769d42b815295a787fc5f,
        type: 3}
      propertyPath: m_SpriteTilingProperty.oldSize.x
      value: 15.3
      objectReference: {fileID: 0}
    - target: {fileID: 4539155917122416524, guid: 353acd350ef769d42b815295a787fc5f,
        type: 3}
      propertyPath: m_SpriteTilingProperty.oldSize.y
      value: 7.61
      objectReference: {fileID: 0}
    - target: {fileID: 4539155917122416525, guid: 353acd350ef769d42b815295a787fc5f,
        type: 3}
      propertyPath: m_RootOrder
      value: 11
      objectReference: {fileID: 0}
    - target: {fileID: 4539155917122416525, guid: 353acd350ef769d42b815295a787fc5f,
        type: 3}
      propertyPath: m_LocalScale.x
      value: 0.035808258
      objectReference: {fileID: 0}
    - target: {fileID: 4539155917122416525, guid: 353acd350ef769d42b815295a787fc5f,
        type: 3}
      propertyPath: m_LocalScale.y
      value: 0.05169126
      objectReference: {fileID: 0}
    - target: {fileID: 4539155917122416525, guid: 353acd350ef769d42b815295a787fc5f,
        type: 3}
      propertyPath: m_LocalScale.z
      value: 0.1
      objectReference: {fileID: 0}
    - target: {fileID: 4539155917122416525, guid: 353acd350ef769d42b815295a787fc5f,
        type: 3}
      propertyPath: m_LocalPosition.x
      value: -1.081
      objectReference: {fileID: 0}
    - target: {fileID: 4539155917122416525, guid: 353acd350ef769d42b815295a787fc5f,
        type: 3}
      propertyPath: m_LocalPosition.y
      value: 1.268
      objectReference: {fileID: 0}
    - target: {fileID: 4539155917122416525, guid: 353acd350ef769d42b815295a787fc5f,
        type: 3}
      propertyPath: m_LocalPosition.z
      value: -0.1
      objectReference: {fileID: 0}
    - target: {fileID: 4539155917122416525, guid: 353acd350ef769d42b815295a787fc5f,
        type: 3}
      propertyPath: m_LocalRotation.w
      value: 0.96817404
      objectReference: {fileID: 0}
    - target: {fileID: 4539155917122416525, guid: 353acd350ef769d42b815295a787fc5f,
        type: 3}
      propertyPath: m_LocalRotation.x
      value: -0
      objectReference: {fileID: 0}
    - target: {fileID: 4539155917122416525, guid: 353acd350ef769d42b815295a787fc5f,
        type: 3}
      propertyPath: m_LocalRotation.y
      value: -0
      objectReference: {fileID: 0}
    - target: {fileID: 4539155917122416525, guid: 353acd350ef769d42b815295a787fc5f,
        type: 3}
      propertyPath: m_LocalRotation.z
      value: 0.25027788
      objectReference: {fileID: 0}
    - target: {fileID: 4539155917122416525, guid: 353acd350ef769d42b815295a787fc5f,
        type: 3}
      propertyPath: m_LocalEulerAnglesHint.x
      value: 0
      objectReference: {fileID: 0}
    - target: {fileID: 4539155917122416525, guid: 353acd350ef769d42b815295a787fc5f,
        type: 3}
      propertyPath: m_LocalEulerAnglesHint.y
      value: 0
      objectReference: {fileID: 0}
    - target: {fileID: 4539155917122416525, guid: 353acd350ef769d42b815295a787fc5f,
        type: 3}
      propertyPath: m_LocalEulerAnglesHint.z
      value: 28.988
      objectReference: {fileID: 0}
    m_RemovedComponents: []
  m_SourcePrefab: {fileID: 100100000, guid: 353acd350ef769d42b815295a787fc5f, type: 3}
--- !u!4 &1342759850295475467 stripped
Transform:
  m_CorrespondingSourceObject: {fileID: 4539155917122416525, guid: 353acd350ef769d42b815295a787fc5f,
    type: 3}
  m_PrefabInstance: {fileID: 3196468017310798470}
  m_PrefabAsset: {fileID: 0}
--- !u!1001 &4171287890254196392
PrefabInstance:
  m_ObjectHideFlags: 0
  serializedVersion: 2
  m_Modification:
    m_TransformParent: {fileID: 6760365235705805330}
    m_Modifications:
    - target: {fileID: 4539155917122416512, guid: 353acd350ef769d42b815295a787fc5f,
        type: 3}
      propertyPath: m_Name
      value: Item (15)
      objectReference: {fileID: 0}
    - target: {fileID: 4539155917122416514, guid: 353acd350ef769d42b815295a787fc5f,
        type: 3}
      propertyPath: m_Sprite
      value: 
      objectReference: {fileID: 21300000, guid: e0dfd1c5f3b924595b6e2926da97fff7,
        type: 3}
    - target: {fileID: 4539155917122416514, guid: 353acd350ef769d42b815295a787fc5f,
        type: 3}
      propertyPath: m_Color.b
      value: 1
      objectReference: {fileID: 0}
    - target: {fileID: 4539155917122416514, guid: 353acd350ef769d42b815295a787fc5f,
        type: 3}
      propertyPath: m_Color.g
      value: 1
      objectReference: {fileID: 0}
    - target: {fileID: 4539155917122416514, guid: 353acd350ef769d42b815295a787fc5f,
        type: 3}
      propertyPath: m_Color.r
      value: 1
      objectReference: {fileID: 0}
    - target: {fileID: 4539155917122416515, guid: 353acd350ef769d42b815295a787fc5f,
        type: 3}
      propertyPath: _name
      value: 7
      objectReference: {fileID: 0}
    - target: {fileID: 4539155917122416524, guid: 353acd350ef769d42b815295a787fc5f,
        type: 3}
      propertyPath: m_SpriteTilingProperty.oldSize.x
      value: 9.59
      objectReference: {fileID: 0}
    - target: {fileID: 4539155917122416524, guid: 353acd350ef769d42b815295a787fc5f,
        type: 3}
      propertyPath: m_SpriteTilingProperty.oldSize.y
      value: 21.92
      objectReference: {fileID: 0}
    - target: {fileID: 4539155917122416525, guid: 353acd350ef769d42b815295a787fc5f,
        type: 3}
      propertyPath: m_RootOrder
      value: 15
      objectReference: {fileID: 0}
    - target: {fileID: 4539155917122416525, guid: 353acd350ef769d42b815295a787fc5f,
        type: 3}
      propertyPath: m_LocalScale.x
      value: 0.027895886
      objectReference: {fileID: 0}
    - target: {fileID: 4539155917122416525, guid: 353acd350ef769d42b815295a787fc5f,
        type: 3}
      propertyPath: m_LocalScale.y
      value: 0.02889957
      objectReference: {fileID: 0}
    - target: {fileID: 4539155917122416525, guid: 353acd350ef769d42b815295a787fc5f,
        type: 3}
      propertyPath: m_LocalScale.z
      value: 0.1
      objectReference: {fileID: 0}
    - target: {fileID: 4539155917122416525, guid: 353acd350ef769d42b815295a787fc5f,
        type: 3}
      propertyPath: m_LocalPosition.x
      value: 0.272
      objectReference: {fileID: 0}
    - target: {fileID: 4539155917122416525, guid: 353acd350ef769d42b815295a787fc5f,
        type: 3}
      propertyPath: m_LocalPosition.y
      value: 4.815
      objectReference: {fileID: 0}
    - target: {fileID: 4539155917122416525, guid: 353acd350ef769d42b815295a787fc5f,
        type: 3}
      propertyPath: m_LocalPosition.z
      value: -0.1
      objectReference: {fileID: 0}
    - target: {fileID: 4539155917122416525, guid: 353acd350ef769d42b815295a787fc5f,
        type: 3}
      propertyPath: m_LocalRotation.w
      value: 0.0008381203
      objectReference: {fileID: 0}
    - target: {fileID: 4539155917122416525, guid: 353acd350ef769d42b815295a787fc5f,
        type: 3}
      propertyPath: m_LocalRotation.x
      value: -0
      objectReference: {fileID: 0}
    - target: {fileID: 4539155917122416525, guid: 353acd350ef769d42b815295a787fc5f,
        type: 3}
      propertyPath: m_LocalRotation.y
      value: -0.99999964
      objectReference: {fileID: 0}
    - target: {fileID: 4539155917122416525, guid: 353acd350ef769d42b815295a787fc5f,
        type: 3}
      propertyPath: m_LocalRotation.z
      value: -0
      objectReference: {fileID: 0}
    - target: {fileID: 4539155917122416525, guid: 353acd350ef769d42b815295a787fc5f,
        type: 3}
      propertyPath: m_LocalEulerAnglesHint.x
      value: 0
      objectReference: {fileID: 0}
    - target: {fileID: 4539155917122416525, guid: 353acd350ef769d42b815295a787fc5f,
        type: 3}
      propertyPath: m_LocalEulerAnglesHint.y
      value: -179.904
      objectReference: {fileID: 0}
    - target: {fileID: 4539155917122416525, guid: 353acd350ef769d42b815295a787fc5f,
        type: 3}
      propertyPath: m_LocalEulerAnglesHint.z
      value: 0
      objectReference: {fileID: 0}
    m_RemovedComponents: []
  m_SourcePrefab: {fileID: 100100000, guid: 353acd350ef769d42b815295a787fc5f, type: 3}
--- !u!4 &512625845476311333 stripped
Transform:
  m_CorrespondingSourceObject: {fileID: 4539155917122416525, guid: 353acd350ef769d42b815295a787fc5f,
    type: 3}
  m_PrefabInstance: {fileID: 4171287890254196392}
  m_PrefabAsset: {fileID: 0}
--- !u!1001 &5216671527740652118
PrefabInstance:
  m_ObjectHideFlags: 0
  serializedVersion: 2
  m_Modification:
    m_TransformParent: {fileID: 6760365235705805330}
    m_Modifications:
    - target: {fileID: 4539155917122416512, guid: 353acd350ef769d42b815295a787fc5f,
        type: 3}
      propertyPath: m_Name
      value: Item (10)
      objectReference: {fileID: 0}
    - target: {fileID: 4539155917122416514, guid: 353acd350ef769d42b815295a787fc5f,
        type: 3}
      propertyPath: m_Sprite
      value: 
      objectReference: {fileID: 21300000, guid: 3d3c3c25c100b412ea4043b742f2dc32,
        type: 3}
    - target: {fileID: 4539155917122416514, guid: 353acd350ef769d42b815295a787fc5f,
        type: 3}
      propertyPath: m_Color.b
      value: 1
      objectReference: {fileID: 0}
    - target: {fileID: 4539155917122416514, guid: 353acd350ef769d42b815295a787fc5f,
        type: 3}
      propertyPath: m_Color.g
      value: 1
      objectReference: {fileID: 0}
    - target: {fileID: 4539155917122416514, guid: 353acd350ef769d42b815295a787fc5f,
        type: 3}
      propertyPath: m_Color.r
      value: 1
      objectReference: {fileID: 0}
    - target: {fileID: 4539155917122416515, guid: 353acd350ef769d42b815295a787fc5f,
        type: 3}
      propertyPath: _name
      value: 2
      objectReference: {fileID: 0}
    - target: {fileID: 4539155917122416524, guid: 353acd350ef769d42b815295a787fc5f,
        type: 3}
      propertyPath: m_SpriteTilingProperty.oldSize.x
      value: 11.53
      objectReference: {fileID: 0}
    - target: {fileID: 4539155917122416524, guid: 353acd350ef769d42b815295a787fc5f,
        type: 3}
      propertyPath: m_SpriteTilingProperty.oldSize.y
      value: 9.01
      objectReference: {fileID: 0}
    - target: {fileID: 4539155917122416525, guid: 353acd350ef769d42b815295a787fc5f,
        type: 3}
      propertyPath: m_RootOrder
      value: 13
      objectReference: {fileID: 0}
    - target: {fileID: 4539155917122416525, guid: 353acd350ef769d42b815295a787fc5f,
        type: 3}
      propertyPath: m_LocalScale.x
      value: 0.050542142
      objectReference: {fileID: 0}
    - target: {fileID: 4539155917122416525, guid: 353acd350ef769d42b815295a787fc5f,
        type: 3}
      propertyPath: m_LocalScale.y
      value: 0.04976597
      objectReference: {fileID: 0}
    - target: {fileID: 4539155917122416525, guid: 353acd350ef769d42b815295a787fc5f,
        type: 3}
      propertyPath: m_LocalScale.z
      value: 0.1
      objectReference: {fileID: 0}
    - target: {fileID: 4539155917122416525, guid: 353acd350ef769d42b815295a787fc5f,
        type: 3}
      propertyPath: m_LocalPosition.x
      value: -0.888
      objectReference: {fileID: 0}
    - target: {fileID: 4539155917122416525, guid: 353acd350ef769d42b815295a787fc5f,
        type: 3}
      propertyPath: m_LocalPosition.y
      value: 4.471
      objectReference: {fileID: 0}
    - target: {fileID: 4539155917122416525, guid: 353acd350ef769d42b815295a787fc5f,
        type: 3}
      propertyPath: m_LocalPosition.z
      value: -0.1
      objectReference: {fileID: 0}
    - target: {fileID: 4539155917122416525, guid: 353acd350ef769d42b815295a787fc5f,
        type: 3}
      propertyPath: m_LocalRotation.w
      value: 1
      objectReference: {fileID: 0}
    - target: {fileID: 4539155917122416525, guid: 353acd350ef769d42b815295a787fc5f,
        type: 3}
      propertyPath: m_LocalRotation.x
      value: 0
      objectReference: {fileID: 0}
    - target: {fileID: 4539155917122416525, guid: 353acd350ef769d42b815295a787fc5f,
        type: 3}
      propertyPath: m_LocalRotation.y
      value: 0
      objectReference: {fileID: 0}
    - target: {fileID: 4539155917122416525, guid: 353acd350ef769d42b815295a787fc5f,
        type: 3}
      propertyPath: m_LocalRotation.z
      value: 0
      objectReference: {fileID: 0}
    - target: {fileID: 4539155917122416525, guid: 353acd350ef769d42b815295a787fc5f,
        type: 3}
      propertyPath: m_LocalEulerAnglesHint.x
      value: 0
      objectReference: {fileID: 0}
    - target: {fileID: 4539155917122416525, guid: 353acd350ef769d42b815295a787fc5f,
        type: 3}
      propertyPath: m_LocalEulerAnglesHint.y
      value: 0
      objectReference: {fileID: 0}
    - target: {fileID: 4539155917122416525, guid: 353acd350ef769d42b815295a787fc5f,
        type: 3}
      propertyPath: m_LocalEulerAnglesHint.z
      value: 0
      objectReference: {fileID: 0}
    m_RemovedComponents: []
  m_SourcePrefab: {fileID: 100100000, guid: 353acd350ef769d42b815295a787fc5f, type: 3}
--- !u!4 &8546430612118017499 stripped
Transform:
  m_CorrespondingSourceObject: {fileID: 4539155917122416525, guid: 353acd350ef769d42b815295a787fc5f,
    type: 3}
  m_PrefabInstance: {fileID: 5216671527740652118}
  m_PrefabAsset: {fileID: 0}
--- !u!1001 &5793388695197794368
PrefabInstance:
  m_ObjectHideFlags: 0
  serializedVersion: 2
  m_Modification:
    m_TransformParent: {fileID: 6760365235705805330}
    m_Modifications:
    - target: {fileID: 4539155917122416512, guid: 353acd350ef769d42b815295a787fc5f,
        type: 3}
      propertyPath: m_Name
      value: Item (11)
      objectReference: {fileID: 0}
    - target: {fileID: 4539155917122416514, guid: 353acd350ef769d42b815295a787fc5f,
        type: 3}
      propertyPath: m_Sprite
      value: 
      objectReference: {fileID: 21300000, guid: e345412a6d23949a18054b5c8e9d3397,
        type: 3}
    - target: {fileID: 4539155917122416514, guid: 353acd350ef769d42b815295a787fc5f,
        type: 3}
      propertyPath: m_Color.b
      value: 1
      objectReference: {fileID: 0}
    - target: {fileID: 4539155917122416514, guid: 353acd350ef769d42b815295a787fc5f,
        type: 3}
      propertyPath: m_Color.g
      value: 1
      objectReference: {fileID: 0}
    - target: {fileID: 4539155917122416514, guid: 353acd350ef769d42b815295a787fc5f,
        type: 3}
      propertyPath: m_Color.r
      value: 1
      objectReference: {fileID: 0}
    - target: {fileID: 4539155917122416515, guid: 353acd350ef769d42b815295a787fc5f,
        type: 3}
      propertyPath: _name
      value: 6
      objectReference: {fileID: 0}
    - target: {fileID: 4539155917122416524, guid: 353acd350ef769d42b815295a787fc5f,
        type: 3}
      propertyPath: m_SpriteTilingProperty.oldSize.x
      value: 15.45
      objectReference: {fileID: 0}
    - target: {fileID: 4539155917122416524, guid: 353acd350ef769d42b815295a787fc5f,
        type: 3}
      propertyPath: m_SpriteTilingProperty.oldSize.y
      value: 10.49
      objectReference: {fileID: 0}
    - target: {fileID: 4539155917122416525, guid: 353acd350ef769d42b815295a787fc5f,
        type: 3}
      propertyPath: m_RootOrder
      value: 7
      objectReference: {fileID: 0}
    - target: {fileID: 4539155917122416525, guid: 353acd350ef769d42b815295a787fc5f,
        type: 3}
      propertyPath: m_LocalScale.x
      value: 0.02842678
      objectReference: {fileID: 0}
    - target: {fileID: 4539155917122416525, guid: 353acd350ef769d42b815295a787fc5f,
        type: 3}
      propertyPath: m_LocalScale.y
      value: 0.033519052
      objectReference: {fileID: 0}
    - target: {fileID: 4539155917122416525, guid: 353acd350ef769d42b815295a787fc5f,
        type: 3}
      propertyPath: m_LocalScale.z
      value: 0.1
      objectReference: {fileID: 0}
    - target: {fileID: 4539155917122416525, guid: 353acd350ef769d42b815295a787fc5f,
        type: 3}
      propertyPath: m_LocalPosition.x
      value: -1.797
      objectReference: {fileID: 0}
    - target: {fileID: 4539155917122416525, guid: 353acd350ef769d42b815295a787fc5f,
        type: 3}
      propertyPath: m_LocalPosition.y
      value: -1.352
      objectReference: {fileID: 0}
    - target: {fileID: 4539155917122416525, guid: 353acd350ef769d42b815295a787fc5f,
        type: 3}
      propertyPath: m_LocalPosition.z
      value: -0.1
      objectReference: {fileID: 0}
    - target: {fileID: 4539155917122416525, guid: 353acd350ef769d42b815295a787fc5f,
        type: 3}
      propertyPath: m_LocalRotation.w
      value: 0.018266264
      objectReference: {fileID: 0}
    - target: {fileID: 4539155917122416525, guid: 353acd350ef769d42b815295a787fc5f,
        type: 3}
      propertyPath: m_LocalRotation.x
      value: -0
      objectReference: {fileID: 0}
    - target: {fileID: 4539155917122416525, guid: 353acd350ef769d42b815295a787fc5f,
        type: 3}
      propertyPath: m_LocalRotation.y
      value: -0.99983317
      objectReference: {fileID: 0}
    - target: {fileID: 4539155917122416525, guid: 353acd350ef769d42b815295a787fc5f,
        type: 3}
      propertyPath: m_LocalRotation.z
      value: -0
      objectReference: {fileID: 0}
    - target: {fileID: 4539155917122416525, guid: 353acd350ef769d42b815295a787fc5f,
        type: 3}
      propertyPath: m_LocalEulerAnglesHint.x
      value: 0
      objectReference: {fileID: 0}
    - target: {fileID: 4539155917122416525, guid: 353acd350ef769d42b815295a787fc5f,
        type: 3}
      propertyPath: m_LocalEulerAnglesHint.y
      value: -177.90701
      objectReference: {fileID: 0}
    - target: {fileID: 4539155917122416525, guid: 353acd350ef769d42b815295a787fc5f,
        type: 3}
      propertyPath: m_LocalEulerAnglesHint.z
      value: 0
      objectReference: {fileID: 0}
    m_RemovedComponents: []
  m_SourcePrefab: {fileID: 100100000, guid: 353acd350ef769d42b815295a787fc5f, type: 3}
--- !u!4 &7969139413499703245 stripped
Transform:
  m_CorrespondingSourceObject: {fileID: 4539155917122416525, guid: 353acd350ef769d42b815295a787fc5f,
    type: 3}
  m_PrefabInstance: {fileID: 5793388695197794368}
  m_PrefabAsset: {fileID: 0}
--- !u!1001 &6561361264861251822
PrefabInstance:
  m_ObjectHideFlags: 0
  serializedVersion: 2
  m_Modification:
    m_TransformParent: {fileID: 6760365235705805330}
    m_Modifications:
    - target: {fileID: 1920644528348902051, guid: 978f77cd38fcd8842b7265bf8d22d737,
        type: 3}
      propertyPath: m_Name
      value: BG2
      objectReference: {fileID: 0}
    - target: {fileID: 5872421620038692316, guid: 978f77cd38fcd8842b7265bf8d22d737,
        type: 3}
      propertyPath: m_RootOrder
      value: 10
      objectReference: {fileID: 0}
    - target: {fileID: 5872421620038692316, guid: 978f77cd38fcd8842b7265bf8d22d737,
        type: 3}
      propertyPath: m_LocalScale.x
      value: 0.63
      objectReference: {fileID: 0}
    - target: {fileID: 5872421620038692316, guid: 978f77cd38fcd8842b7265bf8d22d737,
        type: 3}
      propertyPath: m_LocalScale.y
      value: 0.7
      objectReference: {fileID: 0}
    - target: {fileID: 5872421620038692316, guid: 978f77cd38fcd8842b7265bf8d22d737,
        type: 3}
      propertyPath: m_LocalPosition.x
      value: 0
      objectReference: {fileID: 0}
    - target: {fileID: 5872421620038692316, guid: 978f77cd38fcd8842b7265bf8d22d737,
        type: 3}
      propertyPath: m_LocalPosition.y
      value: 1.674
      objectReference: {fileID: 0}
    - target: {fileID: 5872421620038692316, guid: 978f77cd38fcd8842b7265bf8d22d737,
        type: 3}
      propertyPath: m_LocalPosition.z
      value: 0
      objectReference: {fileID: 0}
    - target: {fileID: 5872421620038692316, guid: 978f77cd38fcd8842b7265bf8d22d737,
        type: 3}
      propertyPath: m_LocalRotation.w
      value: 1
      objectReference: {fileID: 0}
    - target: {fileID: 5872421620038692316, guid: 978f77cd38fcd8842b7265bf8d22d737,
        type: 3}
      propertyPath: m_LocalRotation.x
      value: 0
      objectReference: {fileID: 0}
    - target: {fileID: 5872421620038692316, guid: 978f77cd38fcd8842b7265bf8d22d737,
        type: 3}
      propertyPath: m_LocalRotation.y
      value: 0
      objectReference: {fileID: 0}
    - target: {fileID: 5872421620038692316, guid: 978f77cd38fcd8842b7265bf8d22d737,
        type: 3}
      propertyPath: m_LocalRotation.z
      value: 0
      objectReference: {fileID: 0}
    - target: {fileID: 5872421620038692316, guid: 978f77cd38fcd8842b7265bf8d22d737,
        type: 3}
      propertyPath: m_LocalEulerAnglesHint.x
      value: 0
      objectReference: {fileID: 0}
    - target: {fileID: 5872421620038692316, guid: 978f77cd38fcd8842b7265bf8d22d737,
        type: 3}
      propertyPath: m_LocalEulerAnglesHint.y
      value: 0
      objectReference: {fileID: 0}
    - target: {fileID: 5872421620038692316, guid: 978f77cd38fcd8842b7265bf8d22d737,
        type: 3}
      propertyPath: m_LocalEulerAnglesHint.z
      value: 0
      objectReference: {fileID: 0}
    m_RemovedComponents: []
  m_SourcePrefab: {fileID: 100100000, guid: 978f77cd38fcd8842b7265bf8d22d737, type: 3}
--- !u!4 &752570728333370674 stripped
Transform:
  m_CorrespondingSourceObject: {fileID: 5872421620038692316, guid: 978f77cd38fcd8842b7265bf8d22d737,
    type: 3}
  m_PrefabInstance: {fileID: 6561361264861251822}
  m_PrefabAsset: {fileID: 0}
--- !u!1001 &6760365234998919185
PrefabInstance:
  m_ObjectHideFlags: 0
  serializedVersion: 2
  m_Modification:
    m_TransformParent: {fileID: 6760365235705805330}
    m_Modifications:
    - target: {fileID: 4539155917122416512, guid: 353acd350ef769d42b815295a787fc5f,
        type: 3}
      propertyPath: m_Name
      value: Item (3)
      objectReference: {fileID: 0}
    - target: {fileID: 4539155917122416514, guid: 353acd350ef769d42b815295a787fc5f,
        type: 3}
      propertyPath: m_Sprite
      value: 
      objectReference: {fileID: 21300000, guid: 55a01dd210c8c498b8d0a6487ac328b5,
        type: 3}
    - target: {fileID: 4539155917122416514, guid: 353acd350ef769d42b815295a787fc5f,
        type: 3}
      propertyPath: m_Color.b
      value: 1
      objectReference: {fileID: 0}
    - target: {fileID: 4539155917122416514, guid: 353acd350ef769d42b815295a787fc5f,
        type: 3}
      propertyPath: m_Color.g
      value: 1
      objectReference: {fileID: 0}
    - target: {fileID: 4539155917122416514, guid: 353acd350ef769d42b815295a787fc5f,
        type: 3}
      propertyPath: m_Color.r
      value: 1
      objectReference: {fileID: 0}
    - target: {fileID: 4539155917122416515, guid: 353acd350ef769d42b815295a787fc5f,
        type: 3}
      propertyPath: _name
      value: 4
      objectReference: {fileID: 0}
    - target: {fileID: 4539155917122416524, guid: 353acd350ef769d42b815295a787fc5f,
        type: 3}
      propertyPath: m_SpriteTilingProperty.oldSize.x
      value: 12.37
      objectReference: {fileID: 0}
    - target: {fileID: 4539155917122416524, guid: 353acd350ef769d42b815295a787fc5f,
        type: 3}
      propertyPath: m_SpriteTilingProperty.oldSize.y
      value: 11.53
      objectReference: {fileID: 0}
    - target: {fileID: 4539155917122416525, guid: 353acd350ef769d42b815295a787fc5f,
        type: 3}
      propertyPath: m_RootOrder
      value: 2
      objectReference: {fileID: 0}
    - target: {fileID: 4539155917122416525, guid: 353acd350ef769d42b815295a787fc5f,
        type: 3}
      propertyPath: m_LocalScale.x
      value: 0.024465492
      objectReference: {fileID: 0}
    - target: {fileID: 4539155917122416525, guid: 353acd350ef769d42b815295a787fc5f,
        type: 3}
      propertyPath: m_LocalScale.y
      value: 0.029673561
      objectReference: {fileID: 0}
    - target: {fileID: 4539155917122416525, guid: 353acd350ef769d42b815295a787fc5f,
        type: 3}
      propertyPath: m_LocalScale.z
      value: 0.1
      objectReference: {fileID: 0}
    - target: {fileID: 4539155917122416525, guid: 353acd350ef769d42b815295a787fc5f,
        type: 3}
      propertyPath: m_LocalPosition.x
      value: 0.08
      objectReference: {fileID: 0}
    - target: {fileID: 4539155917122416525, guid: 353acd350ef769d42b815295a787fc5f,
        type: 3}
      propertyPath: m_LocalPosition.y
      value: 0.797
      objectReference: {fileID: 0}
    - target: {fileID: 4539155917122416525, guid: 353acd350ef769d42b815295a787fc5f,
        type: 3}
      propertyPath: m_LocalPosition.z
      value: -0.1
      objectReference: {fileID: 0}
    - target: {fileID: 4539155917122416525, guid: 353acd350ef769d42b815295a787fc5f,
        type: 3}
      propertyPath: m_LocalRotation.w
      value: 1
      objectReference: {fileID: 0}
    - target: {fileID: 4539155917122416525, guid: 353acd350ef769d42b815295a787fc5f,
        type: 3}
      propertyPath: m_LocalRotation.x
      value: 0
      objectReference: {fileID: 0}
    - target: {fileID: 4539155917122416525, guid: 353acd350ef769d42b815295a787fc5f,
        type: 3}
      propertyPath: m_LocalRotation.y
      value: 0
      objectReference: {fileID: 0}
    - target: {fileID: 4539155917122416525, guid: 353acd350ef769d42b815295a787fc5f,
        type: 3}
      propertyPath: m_LocalRotation.z
      value: 0
      objectReference: {fileID: 0}
    - target: {fileID: 4539155917122416525, guid: 353acd350ef769d42b815295a787fc5f,
        type: 3}
      propertyPath: m_LocalEulerAnglesHint.x
      value: 0
      objectReference: {fileID: 0}
    - target: {fileID: 4539155917122416525, guid: 353acd350ef769d42b815295a787fc5f,
        type: 3}
      propertyPath: m_LocalEulerAnglesHint.y
      value: 0
      objectReference: {fileID: 0}
    - target: {fileID: 4539155917122416525, guid: 353acd350ef769d42b815295a787fc5f,
        type: 3}
      propertyPath: m_LocalEulerAnglesHint.z
      value: 0
      objectReference: {fileID: 0}
    m_RemovedComponents: []
  m_SourcePrefab: {fileID: 100100000, guid: 353acd350ef769d42b815295a787fc5f, type: 3}
--- !u!4 &7147201737339924380 stripped
Transform:
  m_CorrespondingSourceObject: {fileID: 4539155917122416525, guid: 353acd350ef769d42b815295a787fc5f,
    type: 3}
  m_PrefabInstance: {fileID: 6760365234998919185}
  m_PrefabAsset: {fileID: 0}
--- !u!1001 &6760365235839330959
PrefabInstance:
  m_ObjectHideFlags: 0
  serializedVersion: 2
  m_Modification:
    m_TransformParent: {fileID: 6760365235705805330}
    m_Modifications:
    - target: {fileID: 4539155917122416512, guid: 353acd350ef769d42b815295a787fc5f,
        type: 3}
      propertyPath: m_Name
      value: Item (6)
      objectReference: {fileID: 0}
    - target: {fileID: 4539155917122416514, guid: 353acd350ef769d42b815295a787fc5f,
        type: 3}
      propertyPath: m_Sprite
      value: 
      objectReference: {fileID: 21300000, guid: e0dfd1c5f3b924595b6e2926da97fff7,
        type: 3}
    - target: {fileID: 4539155917122416514, guid: 353acd350ef769d42b815295a787fc5f,
        type: 3}
      propertyPath: m_Color.b
      value: 1
      objectReference: {fileID: 0}
    - target: {fileID: 4539155917122416514, guid: 353acd350ef769d42b815295a787fc5f,
        type: 3}
      propertyPath: m_Color.g
      value: 1
      objectReference: {fileID: 0}
    - target: {fileID: 4539155917122416514, guid: 353acd350ef769d42b815295a787fc5f,
        type: 3}
      propertyPath: m_Color.r
      value: 1
      objectReference: {fileID: 0}
    - target: {fileID: 4539155917122416515, guid: 353acd350ef769d42b815295a787fc5f,
        type: 3}
      propertyPath: _name
      value: 7
      objectReference: {fileID: 0}
    - target: {fileID: 4539155917122416524, guid: 353acd350ef769d42b815295a787fc5f,
        type: 3}
      propertyPath: m_SpriteTilingProperty.oldSize.x
      value: 9.59
      objectReference: {fileID: 0}
    - target: {fileID: 4539155917122416524, guid: 353acd350ef769d42b815295a787fc5f,
        type: 3}
      propertyPath: m_SpriteTilingProperty.oldSize.y
      value: 21.92
      objectReference: {fileID: 0}
    - target: {fileID: 4539155917122416525, guid: 353acd350ef769d42b815295a787fc5f,
        type: 3}
      propertyPath: m_RootOrder
      value: 5
      objectReference: {fileID: 0}
    - target: {fileID: 4539155917122416525, guid: 353acd350ef769d42b815295a787fc5f,
        type: 3}
      propertyPath: m_LocalScale.x
      value: 0.027922329
      objectReference: {fileID: 0}
    - target: {fileID: 4539155917122416525, guid: 353acd350ef769d42b815295a787fc5f,
        type: 3}
      propertyPath: m_LocalScale.y
      value: 0.03404865
      objectReference: {fileID: 0}
    - target: {fileID: 4539155917122416525, guid: 353acd350ef769d42b815295a787fc5f,
        type: 3}
      propertyPath: m_LocalScale.z
      value: 0.1
      objectReference: {fileID: 0}
    - target: {fileID: 4539155917122416525, guid: 353acd350ef769d42b815295a787fc5f,
        type: 3}
      propertyPath: m_LocalPosition.x
      value: -0.21
      objectReference: {fileID: 0}
    - target: {fileID: 4539155917122416525, guid: 353acd350ef769d42b815295a787fc5f,
        type: 3}
      propertyPath: m_LocalPosition.y
      value: 2.509
      objectReference: {fileID: 0}
    - target: {fileID: 4539155917122416525, guid: 353acd350ef769d42b815295a787fc5f,
        type: 3}
      propertyPath: m_LocalPosition.z
      value: -0.1
      objectReference: {fileID: 0}
    - target: {fileID: 4539155917122416525, guid: 353acd350ef769d42b815295a787fc5f,
        type: 3}
      propertyPath: m_LocalRotation.w
      value: 1
      objectReference: {fileID: 0}
    - target: {fileID: 4539155917122416525, guid: 353acd350ef769d42b815295a787fc5f,
        type: 3}
      propertyPath: m_LocalRotation.x
      value: 0
      objectReference: {fileID: 0}
    - target: {fileID: 4539155917122416525, guid: 353acd350ef769d42b815295a787fc5f,
        type: 3}
      propertyPath: m_LocalRotation.y
      value: 0
      objectReference: {fileID: 0}
    - target: {fileID: 4539155917122416525, guid: 353acd350ef769d42b815295a787fc5f,
        type: 3}
      propertyPath: m_LocalRotation.z
      value: 0
      objectReference: {fileID: 0}
    - target: {fileID: 4539155917122416525, guid: 353acd350ef769d42b815295a787fc5f,
        type: 3}
      propertyPath: m_LocalEulerAnglesHint.x
      value: 0
      objectReference: {fileID: 0}
    - target: {fileID: 4539155917122416525, guid: 353acd350ef769d42b815295a787fc5f,
        type: 3}
      propertyPath: m_LocalEulerAnglesHint.y
      value: 0
      objectReference: {fileID: 0}
    - target: {fileID: 4539155917122416525, guid: 353acd350ef769d42b815295a787fc5f,
        type: 3}
      propertyPath: m_LocalEulerAnglesHint.z
      value: 0
      objectReference: {fileID: 0}
    m_RemovedComponents: []
  m_SourcePrefab: {fileID: 100100000, guid: 353acd350ef769d42b815295a787fc5f, type: 3}
--- !u!4 &7147201737641411842 stripped
Transform:
  m_CorrespondingSourceObject: {fileID: 4539155917122416525, guid: 353acd350ef769d42b815295a787fc5f,
    type: 3}
  m_PrefabInstance: {fileID: 6760365235839330959}
  m_PrefabAsset: {fileID: 0}
--- !u!1001 &6760365235858613370
PrefabInstance:
  m_ObjectHideFlags: 0
  serializedVersion: 2
  m_Modification:
    m_TransformParent: {fileID: 6760365235705805330}
    m_Modifications:
    - target: {fileID: 4539155917122416512, guid: 353acd350ef769d42b815295a787fc5f,
        type: 3}
      propertyPath: m_Name
      value: Item (5)
      objectReference: {fileID: 0}
    - target: {fileID: 4539155917122416514, guid: 353acd350ef769d42b815295a787fc5f,
        type: 3}
      propertyPath: m_Sprite
      value: 
      objectReference: {fileID: 21300000, guid: e345412a6d23949a18054b5c8e9d3397,
        type: 3}
    - target: {fileID: 4539155917122416514, guid: 353acd350ef769d42b815295a787fc5f,
        type: 3}
      propertyPath: m_Color.b
      value: 1
      objectReference: {fileID: 0}
    - target: {fileID: 4539155917122416514, guid: 353acd350ef769d42b815295a787fc5f,
        type: 3}
      propertyPath: m_Color.g
      value: 1
      objectReference: {fileID: 0}
    - target: {fileID: 4539155917122416514, guid: 353acd350ef769d42b815295a787fc5f,
        type: 3}
      propertyPath: m_Color.r
      value: 1
      objectReference: {fileID: 0}
    - target: {fileID: 4539155917122416515, guid: 353acd350ef769d42b815295a787fc5f,
        type: 3}
      propertyPath: _name
      value: 6
      objectReference: {fileID: 0}
    - target: {fileID: 4539155917122416524, guid: 353acd350ef769d42b815295a787fc5f,
        type: 3}
      propertyPath: m_SpriteTilingProperty.oldSize.x
      value: 15.45
      objectReference: {fileID: 0}
    - target: {fileID: 4539155917122416524, guid: 353acd350ef769d42b815295a787fc5f,
        type: 3}
      propertyPath: m_SpriteTilingProperty.oldSize.y
      value: 10.49
      objectReference: {fileID: 0}
    - target: {fileID: 4539155917122416525, guid: 353acd350ef769d42b815295a787fc5f,
        type: 3}
      propertyPath: m_RootOrder
      value: 4
      objectReference: {fileID: 0}
    - target: {fileID: 4539155917122416525, guid: 353acd350ef769d42b815295a787fc5f,
        type: 3}
      propertyPath: m_LocalScale.x
      value: 0.044739064
      objectReference: {fileID: 0}
    - target: {fileID: 4539155917122416525, guid: 353acd350ef769d42b815295a787fc5f,
        type: 3}
      propertyPath: m_LocalScale.y
      value: 0.04593495
      objectReference: {fileID: 0}
    - target: {fileID: 4539155917122416525, guid: 353acd350ef769d42b815295a787fc5f,
        type: 3}
      propertyPath: m_LocalScale.z
      value: 0.1
      objectReference: {fileID: 0}
    - target: {fileID: 4539155917122416525, guid: 353acd350ef769d42b815295a787fc5f,
        type: 3}
      propertyPath: m_LocalPosition.x
      value: 1.55
      objectReference: {fileID: 0}
    - target: {fileID: 4539155917122416525, guid: 353acd350ef769d42b815295a787fc5f,
        type: 3}
      propertyPath: m_LocalPosition.y
      value: -0.252
      objectReference: {fileID: 0}
    - target: {fileID: 4539155917122416525, guid: 353acd350ef769d42b815295a787fc5f,
        type: 3}
      propertyPath: m_LocalPosition.z
      value: -0.1
      objectReference: {fileID: 0}
    - target: {fileID: 4539155917122416525, guid: 353acd350ef769d42b815295a787fc5f,
        type: 3}
      propertyPath: m_LocalRotation.w
      value: 1
      objectReference: {fileID: 0}
    - target: {fileID: 4539155917122416525, guid: 353acd350ef769d42b815295a787fc5f,
        type: 3}
      propertyPath: m_LocalRotation.x
      value: 0
      objectReference: {fileID: 0}
    - target: {fileID: 4539155917122416525, guid: 353acd350ef769d42b815295a787fc5f,
        type: 3}
      propertyPath: m_LocalRotation.y
      value: 0
      objectReference: {fileID: 0}
    - target: {fileID: 4539155917122416525, guid: 353acd350ef769d42b815295a787fc5f,
        type: 3}
      propertyPath: m_LocalRotation.z
      value: 0
      objectReference: {fileID: 0}
    - target: {fileID: 4539155917122416525, guid: 353acd350ef769d42b815295a787fc5f,
        type: 3}
      propertyPath: m_LocalEulerAnglesHint.x
      value: 0
      objectReference: {fileID: 0}
    - target: {fileID: 4539155917122416525, guid: 353acd350ef769d42b815295a787fc5f,
        type: 3}
      propertyPath: m_LocalEulerAnglesHint.y
      value: 0
      objectReference: {fileID: 0}
    - target: {fileID: 4539155917122416525, guid: 353acd350ef769d42b815295a787fc5f,
        type: 3}
      propertyPath: m_LocalEulerAnglesHint.z
      value: 0
      objectReference: {fileID: 0}
    m_RemovedComponents: []
  m_SourcePrefab: {fileID: 100100000, guid: 353acd350ef769d42b815295a787fc5f, type: 3}
--- !u!4 &7147201737662729207 stripped
Transform:
  m_CorrespondingSourceObject: {fileID: 4539155917122416525, guid: 353acd350ef769d42b815295a787fc5f,
    type: 3}
  m_PrefabInstance: {fileID: 6760365235858613370}
  m_PrefabAsset: {fileID: 0}
--- !u!1001 &6760365236006661703
PrefabInstance:
  m_ObjectHideFlags: 0
  serializedVersion: 2
  m_Modification:
    m_TransformParent: {fileID: 6760365235705805330}
    m_Modifications:
    - target: {fileID: 4539155917122416512, guid: 353acd350ef769d42b815295a787fc5f,
        type: 3}
      propertyPath: m_Name
      value: Item (7)
      objectReference: {fileID: 0}
    - target: {fileID: 4539155917122416514, guid: 353acd350ef769d42b815295a787fc5f,
        type: 3}
      propertyPath: m_Sprite
      value: 
      objectReference: {fileID: 21300000, guid: 3e7309706a9f2412f8ccc6a973694aa0,
        type: 3}
    - target: {fileID: 4539155917122416514, guid: 353acd350ef769d42b815295a787fc5f,
        type: 3}
      propertyPath: m_Color.b
      value: 1
      objectReference: {fileID: 0}
    - target: {fileID: 4539155917122416514, guid: 353acd350ef769d42b815295a787fc5f,
        type: 3}
      propertyPath: m_Color.g
      value: 1
      objectReference: {fileID: 0}
    - target: {fileID: 4539155917122416514, guid: 353acd350ef769d42b815295a787fc5f,
        type: 3}
      propertyPath: m_Color.r
      value: 1
      objectReference: {fileID: 0}
    - target: {fileID: 4539155917122416515, guid: 353acd350ef769d42b815295a787fc5f,
        type: 3}
      propertyPath: _name
      value: 8
      objectReference: {fileID: 0}
    - target: {fileID: 4539155917122416524, guid: 353acd350ef769d42b815295a787fc5f,
        type: 3}
      propertyPath: m_SpriteTilingProperty.oldSize.x
      value: 15.3
      objectReference: {fileID: 0}
    - target: {fileID: 4539155917122416524, guid: 353acd350ef769d42b815295a787fc5f,
        type: 3}
      propertyPath: m_SpriteTilingProperty.oldSize.y
      value: 7.61
      objectReference: {fileID: 0}
    - target: {fileID: 4539155917122416525, guid: 353acd350ef769d42b815295a787fc5f,
        type: 3}
      propertyPath: m_RootOrder
      value: 6
      objectReference: {fileID: 0}
    - target: {fileID: 4539155917122416525, guid: 353acd350ef769d42b815295a787fc5f,
        type: 3}
      propertyPath: m_LocalScale.x
      value: 0.02842678
      objectReference: {fileID: 0}
    - target: {fileID: 4539155917122416525, guid: 353acd350ef769d42b815295a787fc5f,
        type: 3}
      propertyPath: m_LocalScale.y
      value: 0.033519052
      objectReference: {fileID: 0}
    - target: {fileID: 4539155917122416525, guid: 353acd350ef769d42b815295a787fc5f,
        type: 3}
      propertyPath: m_LocalScale.z
      value: 0.1
      objectReference: {fileID: 0}
    - target: {fileID: 4539155917122416525, guid: 353acd350ef769d42b815295a787fc5f,
        type: 3}
      propertyPath: m_LocalPosition.x
      value: 1.879
      objectReference: {fileID: 0}
    - target: {fileID: 4539155917122416525, guid: 353acd350ef769d42b815295a787fc5f,
        type: 3}
      propertyPath: m_LocalPosition.y
      value: 2.16
      objectReference: {fileID: 0}
    - target: {fileID: 4539155917122416525, guid: 353acd350ef769d42b815295a787fc5f,
        type: 3}
      propertyPath: m_LocalPosition.z
      value: -0.1
      objectReference: {fileID: 0}
    - target: {fileID: 4539155917122416525, guid: 353acd350ef769d42b815295a787fc5f,
        type: 3}
      propertyPath: m_LocalRotation.w
      value: 1
      objectReference: {fileID: 0}
    - target: {fileID: 4539155917122416525, guid: 353acd350ef769d42b815295a787fc5f,
        type: 3}
      propertyPath: m_LocalRotation.x
      value: 0
      objectReference: {fileID: 0}
    - target: {fileID: 4539155917122416525, guid: 353acd350ef769d42b815295a787fc5f,
        type: 3}
      propertyPath: m_LocalRotation.y
      value: 0
      objectReference: {fileID: 0}
    - target: {fileID: 4539155917122416525, guid: 353acd350ef769d42b815295a787fc5f,
        type: 3}
      propertyPath: m_LocalRotation.z
      value: 0
      objectReference: {fileID: 0}
    - target: {fileID: 4539155917122416525, guid: 353acd350ef769d42b815295a787fc5f,
        type: 3}
      propertyPath: m_LocalEulerAnglesHint.x
      value: 0
      objectReference: {fileID: 0}
    - target: {fileID: 4539155917122416525, guid: 353acd350ef769d42b815295a787fc5f,
        type: 3}
      propertyPath: m_LocalEulerAnglesHint.y
      value: 0
      objectReference: {fileID: 0}
    - target: {fileID: 4539155917122416525, guid: 353acd350ef769d42b815295a787fc5f,
        type: 3}
      propertyPath: m_LocalEulerAnglesHint.z
      value: 0
      objectReference: {fileID: 0}
    m_RemovedComponents: []
  m_SourcePrefab: {fileID: 100100000, guid: 353acd350ef769d42b815295a787fc5f, type: 3}
--- !u!4 &7147201737674326474 stripped
Transform:
  m_CorrespondingSourceObject: {fileID: 4539155917122416525, guid: 353acd350ef769d42b815295a787fc5f,
    type: 3}
  m_PrefabInstance: {fileID: 6760365236006661703}
  m_PrefabAsset: {fileID: 0}
--- !u!1001 &6760365236080282415
PrefabInstance:
  m_ObjectHideFlags: 0
  serializedVersion: 2
  m_Modification:
    m_TransformParent: {fileID: 6760365235705805330}
    m_Modifications:
    - target: {fileID: 4539155917122416512, guid: 353acd350ef769d42b815295a787fc5f,
        type: 3}
      propertyPath: m_Name
      value: Item (2)
      objectReference: {fileID: 0}
    - target: {fileID: 4539155917122416514, guid: 353acd350ef769d42b815295a787fc5f,
        type: 3}
      propertyPath: m_Sprite
      value: 
      objectReference: {fileID: 21300000, guid: ae38d8aa900f8470ba0de08349cd6a08,
        type: 3}
    - target: {fileID: 4539155917122416514, guid: 353acd350ef769d42b815295a787fc5f,
        type: 3}
      propertyPath: m_Color.b
      value: 1
      objectReference: {fileID: 0}
    - target: {fileID: 4539155917122416514, guid: 353acd350ef769d42b815295a787fc5f,
        type: 3}
      propertyPath: m_Color.g
      value: 1
      objectReference: {fileID: 0}
    - target: {fileID: 4539155917122416514, guid: 353acd350ef769d42b815295a787fc5f,
        type: 3}
      propertyPath: m_Color.r
      value: 1
      objectReference: {fileID: 0}
    - target: {fileID: 4539155917122416515, guid: 353acd350ef769d42b815295a787fc5f,
        type: 3}
      propertyPath: _name
      value: 3
      objectReference: {fileID: 0}
    - target: {fileID: 4539155917122416524, guid: 353acd350ef769d42b815295a787fc5f,
        type: 3}
      propertyPath: m_SpriteTilingProperty.oldSize.x
      value: 15.18
      objectReference: {fileID: 0}
    - target: {fileID: 4539155917122416524, guid: 353acd350ef769d42b815295a787fc5f,
        type: 3}
      propertyPath: m_SpriteTilingProperty.oldSize.y
      value: 8.97
      objectReference: {fileID: 0}
    - target: {fileID: 4539155917122416525, guid: 353acd350ef769d42b815295a787fc5f,
        type: 3}
      propertyPath: m_RootOrder
      value: 1
      objectReference: {fileID: 0}
    - target: {fileID: 4539155917122416525, guid: 353acd350ef769d42b815295a787fc5f,
        type: 3}
      propertyPath: m_LocalScale.x
      value: 0.025774023
      objectReference: {fileID: 0}
    - target: {fileID: 4539155917122416525, guid: 353acd350ef769d42b815295a787fc5f,
        type: 3}
      propertyPath: m_LocalScale.y
      value: 0.03304234
      objectReference: {fileID: 0}
    - target: {fileID: 4539155917122416525, guid: 353acd350ef769d42b815295a787fc5f,
        type: 3}
      propertyPath: m_LocalScale.z
      value: 0.1
      objectReference: {fileID: 0}
    - target: {fileID: 4539155917122416525, guid: 353acd350ef769d42b815295a787fc5f,
        type: 3}
      propertyPath: m_LocalPosition.x
      value: -1.709
      objectReference: {fileID: 0}
    - target: {fileID: 4539155917122416525, guid: 353acd350ef769d42b815295a787fc5f,
        type: 3}
      propertyPath: m_LocalPosition.y
      value: 2.685
      objectReference: {fileID: 0}
    - target: {fileID: 4539155917122416525, guid: 353acd350ef769d42b815295a787fc5f,
        type: 3}
      propertyPath: m_LocalPosition.z
      value: -0.1
      objectReference: {fileID: 0}
    - target: {fileID: 4539155917122416525, guid: 353acd350ef769d42b815295a787fc5f,
        type: 3}
      propertyPath: m_LocalRotation.w
      value: 1
      objectReference: {fileID: 0}
    - target: {fileID: 4539155917122416525, guid: 353acd350ef769d42b815295a787fc5f,
        type: 3}
      propertyPath: m_LocalRotation.x
      value: 0
      objectReference: {fileID: 0}
    - target: {fileID: 4539155917122416525, guid: 353acd350ef769d42b815295a787fc5f,
        type: 3}
      propertyPath: m_LocalRotation.y
      value: 0
      objectReference: {fileID: 0}
    - target: {fileID: 4539155917122416525, guid: 353acd350ef769d42b815295a787fc5f,
        type: 3}
      propertyPath: m_LocalRotation.z
      value: 0
      objectReference: {fileID: 0}
    - target: {fileID: 4539155917122416525, guid: 353acd350ef769d42b815295a787fc5f,
        type: 3}
      propertyPath: m_LocalEulerAnglesHint.x
      value: 0
      objectReference: {fileID: 0}
    - target: {fileID: 4539155917122416525, guid: 353acd350ef769d42b815295a787fc5f,
        type: 3}
      propertyPath: m_LocalEulerAnglesHint.y
      value: 0
      objectReference: {fileID: 0}
    - target: {fileID: 4539155917122416525, guid: 353acd350ef769d42b815295a787fc5f,
        type: 3}
      propertyPath: m_LocalEulerAnglesHint.z
      value: 0
      objectReference: {fileID: 0}
    m_RemovedComponents: []
  m_SourcePrefab: {fileID: 100100000, guid: 353acd350ef769d42b815295a787fc5f, type: 3}
--- !u!4 &7147201736267441314 stripped
Transform:
  m_CorrespondingSourceObject: {fileID: 4539155917122416525, guid: 353acd350ef769d42b815295a787fc5f,
    type: 3}
  m_PrefabInstance: {fileID: 6760365236080282415}
  m_PrefabAsset: {fileID: 0}
--- !u!1001 &6760365237026863627
PrefabInstance:
  m_ObjectHideFlags: 0
  serializedVersion: 2
  m_Modification:
    m_TransformParent: {fileID: 6760365235705805330}
    m_Modifications:
    - target: {fileID: 4539155917122416512, guid: 353acd350ef769d42b815295a787fc5f,
        type: 3}
      propertyPath: m_Name
      value: Item (1)
      objectReference: {fileID: 0}
    - target: {fileID: 4539155917122416514, guid: 353acd350ef769d42b815295a787fc5f,
        type: 3}
      propertyPath: m_Sprite
      value: 
      objectReference: {fileID: 21300000, guid: 3d3c3c25c100b412ea4043b742f2dc32,
        type: 3}
    - target: {fileID: 4539155917122416514, guid: 353acd350ef769d42b815295a787fc5f,
        type: 3}
      propertyPath: m_Color.b
      value: 1
      objectReference: {fileID: 0}
    - target: {fileID: 4539155917122416514, guid: 353acd350ef769d42b815295a787fc5f,
        type: 3}
      propertyPath: m_Color.g
      value: 1
      objectReference: {fileID: 0}
    - target: {fileID: 4539155917122416514, guid: 353acd350ef769d42b815295a787fc5f,
        type: 3}
      propertyPath: m_Color.r
      value: 1
      objectReference: {fileID: 0}
    - target: {fileID: 4539155917122416515, guid: 353acd350ef769d42b815295a787fc5f,
        type: 3}
      propertyPath: _name
      value: 2
      objectReference: {fileID: 0}
    - target: {fileID: 4539155917122416524, guid: 353acd350ef769d42b815295a787fc5f,
        type: 3}
      propertyPath: m_SpriteTilingProperty.oldSize.x
      value: 11.53
      objectReference: {fileID: 0}
    - target: {fileID: 4539155917122416524, guid: 353acd350ef769d42b815295a787fc5f,
        type: 3}
      propertyPath: m_SpriteTilingProperty.oldSize.y
      value: 9.01
      objectReference: {fileID: 0}
    - target: {fileID: 4539155917122416525, guid: 353acd350ef769d42b815295a787fc5f,
        type: 3}
      propertyPath: m_RootOrder
      value: 0
      objectReference: {fileID: 0}
    - target: {fileID: 4539155917122416525, guid: 353acd350ef769d42b815295a787fc5f,
        type: 3}
      propertyPath: m_LocalScale.x
      value: 0.039368592
      objectReference: {fileID: 0}
    - target: {fileID: 4539155917122416525, guid: 353acd350ef769d42b815295a787fc5f,
        type: 3}
      propertyPath: m_LocalScale.y
      value: 0.043259796
      objectReference: {fileID: 0}
    - target: {fileID: 4539155917122416525, guid: 353acd350ef769d42b815295a787fc5f,
        type: 3}
      propertyPath: m_LocalScale.z
      value: 0.1
      objectReference: {fileID: 0}
    - target: {fileID: 4539155917122416525, guid: 353acd350ef769d42b815295a787fc5f,
        type: 3}
      propertyPath: m_LocalPosition.x
      value: -1.106
      objectReference: {fileID: 0}
    - target: {fileID: 4539155917122416525, guid: 353acd350ef769d42b815295a787fc5f,
        type: 3}
      propertyPath: m_LocalPosition.y
      value: 1.83
      objectReference: {fileID: 0}
    - target: {fileID: 4539155917122416525, guid: 353acd350ef769d42b815295a787fc5f,
        type: 3}
      propertyPath: m_LocalPosition.z
      value: -0.1
      objectReference: {fileID: 0}
    - target: {fileID: 4539155917122416525, guid: 353acd350ef769d42b815295a787fc5f,
        type: 3}
      propertyPath: m_LocalRotation.w
      value: 1
      objectReference: {fileID: 0}
    - target: {fileID: 4539155917122416525, guid: 353acd350ef769d42b815295a787fc5f,
        type: 3}
      propertyPath: m_LocalRotation.x
      value: 0
      objectReference: {fileID: 0}
    - target: {fileID: 4539155917122416525, guid: 353acd350ef769d42b815295a787fc5f,
        type: 3}
      propertyPath: m_LocalRotation.y
      value: 0
      objectReference: {fileID: 0}
    - target: {fileID: 4539155917122416525, guid: 353acd350ef769d42b815295a787fc5f,
        type: 3}
      propertyPath: m_LocalRotation.z
      value: 0
      objectReference: {fileID: 0}
    - target: {fileID: 4539155917122416525, guid: 353acd350ef769d42b815295a787fc5f,
        type: 3}
      propertyPath: m_LocalEulerAnglesHint.x
      value: 0
      objectReference: {fileID: 0}
    - target: {fileID: 4539155917122416525, guid: 353acd350ef769d42b815295a787fc5f,
        type: 3}
      propertyPath: m_LocalEulerAnglesHint.y
      value: 0
      objectReference: {fileID: 0}
    - target: {fileID: 4539155917122416525, guid: 353acd350ef769d42b815295a787fc5f,
        type: 3}
      propertyPath: m_LocalEulerAnglesHint.z
      value: 0
      objectReference: {fileID: 0}
    m_RemovedComponents: []
  m_SourcePrefab: {fileID: 100100000, guid: 353acd350ef769d42b815295a787fc5f, type: 3}
--- !u!4 &7147201736679298438 stripped
Transform:
  m_CorrespondingSourceObject: {fileID: 4539155917122416525, guid: 353acd350ef769d42b815295a787fc5f,
    type: 3}
  m_PrefabInstance: {fileID: 6760365237026863627}
  m_PrefabAsset: {fileID: 0}
--- !u!1001 &6760365237111733581
PrefabInstance:
  m_ObjectHideFlags: 0
  serializedVersion: 2
  m_Modification:
    m_TransformParent: {fileID: 6760365235705805330}
    m_Modifications:
    - target: {fileID: 4539155917122416512, guid: 353acd350ef769d42b815295a787fc5f,
        type: 3}
      propertyPath: m_Name
      value: Item (4)
      objectReference: {fileID: 0}
    - target: {fileID: 4539155917122416514, guid: 353acd350ef769d42b815295a787fc5f,
        type: 3}
      propertyPath: m_Sprite
      value: 
      objectReference: {fileID: 21300000, guid: d53d995409c4641d4b1ff840c1e87d95,
        type: 3}
    - target: {fileID: 4539155917122416514, guid: 353acd350ef769d42b815295a787fc5f,
        type: 3}
      propertyPath: m_Color.b
      value: 1
      objectReference: {fileID: 0}
    - target: {fileID: 4539155917122416514, guid: 353acd350ef769d42b815295a787fc5f,
        type: 3}
      propertyPath: m_Color.g
      value: 1
      objectReference: {fileID: 0}
    - target: {fileID: 4539155917122416514, guid: 353acd350ef769d42b815295a787fc5f,
        type: 3}
      propertyPath: m_Color.r
      value: 1
      objectReference: {fileID: 0}
    - target: {fileID: 4539155917122416515, guid: 353acd350ef769d42b815295a787fc5f,
        type: 3}
      propertyPath: _name
      value: 5
      objectReference: {fileID: 0}
    - target: {fileID: 4539155917122416524, guid: 353acd350ef769d42b815295a787fc5f,
        type: 3}
      propertyPath: m_SpriteTilingProperty.oldSize.x
      value: 11.86
      objectReference: {fileID: 0}
    - target: {fileID: 4539155917122416524, guid: 353acd350ef769d42b815295a787fc5f,
        type: 3}
      propertyPath: m_SpriteTilingProperty.oldSize.y
      value: 19.01
      objectReference: {fileID: 0}
    - target: {fileID: 4539155917122416525, guid: 353acd350ef769d42b815295a787fc5f,
        type: 3}
      propertyPath: m_RootOrder
      value: 3
      objectReference: {fileID: 0}
    - target: {fileID: 4539155917122416525, guid: 353acd350ef769d42b815295a787fc5f,
        type: 3}
      propertyPath: m_LocalScale.x
      value: 0.046982177
      objectReference: {fileID: 0}
    - target: {fileID: 4539155917122416525, guid: 353acd350ef769d42b815295a787fc5f,
        type: 3}
      propertyPath: m_LocalScale.y
      value: 0.0327248
      objectReference: {fileID: 0}
    - target: {fileID: 4539155917122416525, guid: 353acd350ef769d42b815295a787fc5f,
        type: 3}
      propertyPath: m_LocalScale.z
      value: 0.1
      objectReference: {fileID: 0}
    - target: {fileID: 4539155917122416525, guid: 353acd350ef769d42b815295a787fc5f,
        type: 3}
      propertyPath: m_LocalPosition.x
      value: 0.991
      objectReference: {fileID: 0}
    - target: {fileID: 4539155917122416525, guid: 353acd350ef769d42b815295a787fc5f,
        type: 3}
      propertyPath: m_LocalPosition.y
      value: 0.863
      objectReference: {fileID: 0}
    - target: {fileID: 4539155917122416525, guid: 353acd350ef769d42b815295a787fc5f,
        type: 3}
      propertyPath: m_LocalPosition.z
      value: -0.1
      objectReference: {fileID: 0}
    - target: {fileID: 4539155917122416525, guid: 353acd350ef769d42b815295a787fc5f,
        type: 3}
      propertyPath: m_LocalRotation.w
      value: 1
      objectReference: {fileID: 0}
    - target: {fileID: 4539155917122416525, guid: 353acd350ef769d42b815295a787fc5f,
        type: 3}
      propertyPath: m_LocalRotation.x
      value: 0
      objectReference: {fileID: 0}
    - target: {fileID: 4539155917122416525, guid: 353acd350ef769d42b815295a787fc5f,
        type: 3}
      propertyPath: m_LocalRotation.y
      value: 0
      objectReference: {fileID: 0}
    - target: {fileID: 4539155917122416525, guid: 353acd350ef769d42b815295a787fc5f,
        type: 3}
      propertyPath: m_LocalRotation.z
      value: 0
      objectReference: {fileID: 0}
    - target: {fileID: 4539155917122416525, guid: 353acd350ef769d42b815295a787fc5f,
        type: 3}
      propertyPath: m_LocalEulerAnglesHint.x
      value: 0
      objectReference: {fileID: 0}
    - target: {fileID: 4539155917122416525, guid: 353acd350ef769d42b815295a787fc5f,
        type: 3}
      propertyPath: m_LocalEulerAnglesHint.y
      value: 0
      objectReference: {fileID: 0}
    - target: {fileID: 4539155917122416525, guid: 353acd350ef769d42b815295a787fc5f,
        type: 3}
      propertyPath: m_LocalEulerAnglesHint.z
      value: 0
      objectReference: {fileID: 0}
    m_RemovedComponents: []
  m_SourcePrefab: {fileID: 100100000, guid: 353acd350ef769d42b815295a787fc5f, type: 3}
--- !u!4 &7147201736627720896 stripped
Transform:
  m_CorrespondingSourceObject: {fileID: 4539155917122416525, guid: 353acd350ef769d42b815295a787fc5f,
    type: 3}
  m_PrefabInstance: {fileID: 6760365237111733581}
  m_PrefabAsset: {fileID: 0}
