%YAML 1.1
%TAG !u! tag:unity3d.com,2011:
--- !u!1 &6760365235705805333
GameObject:
  m_ObjectHideFlags: 0
  m_CorrespondingSourceObject: {fileID: 0}
  m_PrefabInstance: {fileID: 0}
  m_PrefabAsset: {fileID: 0}
  serializedVersion: 6
  m_Component:
  - component: {fileID: 6760365235705805330}
  - component: {fileID: 6760365235705805331}
  m_Layer: 0
  m_Name: Level
  m_TagString: Untagged
  m_Icon: {fileID: 0}
  m_NavMeshLayer: 0
  m_StaticEditorFlags: 0
  m_IsActive: 1
--- !u!4 &6760365235705805330
Transform:
  m_ObjectHideFlags: 0
  m_CorrespondingSourceObject: {fileID: 0}
  m_PrefabInstance: {fileID: 0}
  m_PrefabAsset: {fileID: 0}
  m_GameObject: {fileID: 6760365235705805333}
  m_LocalRotation: {x: 0, y: 0, z: 0, w: 1}
  m_LocalPosition: {x: 0, y: 0, z: 0}
  m_LocalScale: {x: 1, y: 1, z: 1}
  m_Children:
  - {fileID: 6760365235535470612}
  - {fileID: 7147201736654581342}
  - {fileID: 7147201736679298438}
  - {fileID: 7147201736267441314}
  - {fileID: 7147201737339924380}
  - {fileID: 7147201736627720896}
  - {fileID: 7147201737662729207}
  - {fileID: 7147201737641411842}
  - {fileID: 7147201737674326474}
  - {fileID: 7147201735989371002}
  - {fileID: 7147201736651648635}
  m_Father: {fileID: 0}
  m_RootOrder: 0
  m_LocalEulerAnglesHint: {x: 0, y: 0, z: 0}
--- !u!114 &6760365235705805331
MonoBehaviour:
  m_ObjectHideFlags: 0
  m_CorrespondingSourceObject: {fileID: 0}
  m_PrefabInstance: {fileID: 0}
  m_PrefabAsset: {fileID: 0}
  m_GameObject: {fileID: 6760365235705805333}
  m_Enabled: 1
  m_EditorHideFlags: 0
  m_Script: {fileID: 11500000, guid: d7bc8d08b48f189489f5cf191c1b8b3f, type: 3}
  m_Name: 
  m_EditorClassIdentifier: 
--- !u!1001 &6760365234998919185
PrefabInstance:
  m_ObjectHideFlags: 0
  serializedVersion: 2
  m_Modification:
    m_TransformParent: {fileID: 6760365235705805330}
    m_Modifications:
    - target: {fileID: 4539155917122416512, guid: 353acd350ef769d42b815295a787fc5f,
        type: 3}
      propertyPath: m_Name
      value: Item (3)
      objectReference: {fileID: 0}
    - target: {fileID: 4539155917122416514, guid: 353acd350ef769d42b815295a787fc5f,
        type: 3}
      propertyPath: m_Sprite
      value: 
      objectReference: {fileID: 21300000, guid: 55a01dd210c8c498b8d0a6487ac328b5,
        type: 3}
    - target: {fileID: 4539155917122416514, guid: 353acd350ef769d42b815295a787fc5f,
        type: 3}
      propertyPath: m_Color.b
      value: 1
      objectReference: {fileID: 0}
    - target: {fileID: 4539155917122416514, guid: 353acd350ef769d42b815295a787fc5f,
        type: 3}
      propertyPath: m_Color.g
      value: 1
      objectReference: {fileID: 0}
    - target: {fileID: 4539155917122416514, guid: 353acd350ef769d42b815295a787fc5f,
        type: 3}
      propertyPath: m_Color.r
      value: 1
      objectReference: {fileID: 0}
    - target: {fileID: 4539155917122416515, guid: 353acd350ef769d42b815295a787fc5f,
        type: 3}
      propertyPath: _name
      value: 4
      objectReference: {fileID: 0}
    - target: {fileID: 4539155917122416524, guid: 353acd350ef769d42b815295a787fc5f,
        type: 3}
      propertyPath: m_SpriteTilingProperty.oldSize.x
      value: 12.37
      objectReference: {fileID: 0}
    - target: {fileID: 4539155917122416524, guid: 353acd350ef769d42b815295a787fc5f,
        type: 3}
      propertyPath: m_SpriteTilingProperty.oldSize.y
      value: 11.53
      objectReference: {fileID: 0}
    - target: {fileID: 4539155917122416525, guid: 353acd350ef769d42b815295a787fc5f,
        type: 3}
      propertyPath: m_RootOrder
      value: 4
      objectReference: {fileID: 0}
    - target: {fileID: 4539155917122416525, guid: 353acd350ef769d42b815295a787fc5f,
        type: 3}
      propertyPath: m_LocalScale.x
      value: 0.02529117
      objectReference: {fileID: 0}
    - target: {fileID: 4539155917122416525, guid: 353acd350ef769d42b815295a787fc5f,
        type: 3}
      propertyPath: m_LocalScale.y
      value: 0.031976674
      objectReference: {fileID: 0}
    - target: {fileID: 4539155917122416525, guid: 353acd350ef769d42b815295a787fc5f,
        type: 3}
      propertyPath: m_LocalScale.z
      value: 0.1
      objectReference: {fileID: 0}
    - target: {fileID: 4539155917122416525, guid: 353acd350ef769d42b815295a787fc5f,
        type: 3}
      propertyPath: m_LocalPosition.x
      value: 0.15
      objectReference: {fileID: 0}
    - target: {fileID: 4539155917122416525, guid: 353acd350ef769d42b815295a787fc5f,
        type: 3}
      propertyPath: m_LocalPosition.y
      value: 0.7404
      objectReference: {fileID: 0}
    - target: {fileID: 4539155917122416525, guid: 353acd350ef769d42b815295a787fc5f,
        type: 3}
      propertyPath: m_LocalPosition.z
      value: -0.1
      objectReference: {fileID: 0}
    - target: {fileID: 4539155917122416525, guid: 353acd350ef769d42b815295a787fc5f,
        type: 3}
      propertyPath: m_LocalRotation.w
      value: 1
      objectReference: {fileID: 0}
    - target: {fileID: 4539155917122416525, guid: 353acd350ef769d42b815295a787fc5f,
        type: 3}
      propertyPath: m_LocalRotation.x
      value: 0
      objectReference: {fileID: 0}
    - target: {fileID: 4539155917122416525, guid: 353acd350ef769d42b815295a787fc5f,
        type: 3}
      propertyPath: m_LocalRotation.y
      value: 0
      objectReference: {fileID: 0}
    - target: {fileID: 4539155917122416525, guid: 353acd350ef769d42b815295a787fc5f,
        type: 3}
      propertyPath: m_LocalRotation.z
      value: 0
      objectReference: {fileID: 0}
    - target: {fileID: 4539155917122416525, guid: 353acd350ef769d42b815295a787fc5f,
        type: 3}
      propertyPath: m_LocalEulerAnglesHint.x
      value: 0
      objectReference: {fileID: 0}
    - target: {fileID: 4539155917122416525, guid: 353acd350ef769d42b815295a787fc5f,
        type: 3}
      propertyPath: m_LocalEulerAnglesHint.y
      value: 0
      objectReference: {fileID: 0}
    - target: {fileID: 4539155917122416525, guid: 353acd350ef769d42b815295a787fc5f,
        type: 3}
      propertyPath: m_LocalEulerAnglesHint.z
      value: 0
      objectReference: {fileID: 0}
    m_RemovedComponents: []
  m_SourcePrefab: {fileID: 100100000, guid: 353acd350ef769d42b815295a787fc5f, type: 3}
--- !u!4 &7147201737339924380 stripped
Transform:
  m_CorrespondingSourceObject: {fileID: 4539155917122416525, guid: 353acd350ef769d42b815295a787fc5f,
    type: 3}
  m_PrefabInstance: {fileID: 6760365234998919185}
  m_PrefabAsset: {fileID: 0}
--- !u!1001 &6760365235839330959
PrefabInstance:
  m_ObjectHideFlags: 0
  serializedVersion: 2
  m_Modification:
    m_TransformParent: {fileID: 6760365235705805330}
    m_Modifications:
    - target: {fileID: 4539155917122416512, guid: 353acd350ef769d42b815295a787fc5f,
        type: 3}
      propertyPath: m_Name
      value: Item (6)
      objectReference: {fileID: 0}
    - target: {fileID: 4539155917122416514, guid: 353acd350ef769d42b815295a787fc5f,
        type: 3}
      propertyPath: m_Sprite
      value: 
      objectReference: {fileID: 21300000, guid: e0dfd1c5f3b924595b6e2926da97fff7,
        type: 3}
    - target: {fileID: 4539155917122416514, guid: 353acd350ef769d42b815295a787fc5f,
        type: 3}
      propertyPath: m_Color.b
      value: 1
      objectReference: {fileID: 0}
    - target: {fileID: 4539155917122416514, guid: 353acd350ef769d42b815295a787fc5f,
        type: 3}
      propertyPath: m_Color.g
      value: 1
      objectReference: {fileID: 0}
    - target: {fileID: 4539155917122416514, guid: 353acd350ef769d42b815295a787fc5f,
        type: 3}
      propertyPath: m_Color.r
      value: 1
      objectReference: {fileID: 0}
    - target: {fileID: 4539155917122416515, guid: 353acd350ef769d42b815295a787fc5f,
        type: 3}
      propertyPath: _name
      value: 7
      objectReference: {fileID: 0}
    - target: {fileID: 4539155917122416524, guid: 353acd350ef769d42b815295a787fc5f,
        type: 3}
      propertyPath: m_SpriteTilingProperty.oldSize.x
      value: 9.59
      objectReference: {fileID: 0}
    - target: {fileID: 4539155917122416524, guid: 353acd350ef769d42b815295a787fc5f,
        type: 3}
      propertyPath: m_SpriteTilingProperty.oldSize.y
      value: 21.92
      objectReference: {fileID: 0}
    - target: {fileID: 4539155917122416525, guid: 353acd350ef769d42b815295a787fc5f,
        type: 3}
      propertyPath: m_RootOrder
      value: 7
      objectReference: {fileID: 0}
    - target: {fileID: 4539155917122416525, guid: 353acd350ef769d42b815295a787fc5f,
        type: 3}
      propertyPath: m_LocalScale.x
      value: 0.028864672
      objectReference: {fileID: 0}
    - target: {fileID: 4539155917122416525, guid: 353acd350ef769d42b815295a787fc5f,
        type: 3}
      propertyPath: m_LocalScale.y
      value: 0.036691338
      objectReference: {fileID: 0}
    - target: {fileID: 4539155917122416525, guid: 353acd350ef769d42b815295a787fc5f,
        type: 3}
      propertyPath: m_LocalScale.z
      value: 0.1
      objectReference: {fileID: 0}
    - target: {fileID: 4539155917122416525, guid: 353acd350ef769d42b815295a787fc5f,
        type: 3}
      propertyPath: m_LocalPosition.x
      value: -0.1485
      objectReference: {fileID: 0}
    - target: {fileID: 4539155917122416525, guid: 353acd350ef769d42b815295a787fc5f,
        type: 3}
      propertyPath: m_LocalPosition.y
      value: 2.5857
      objectReference: {fileID: 0}
    - target: {fileID: 4539155917122416525, guid: 353acd350ef769d42b815295a787fc5f,
        type: 3}
      propertyPath: m_LocalPosition.z
      value: -0.1
      objectReference: {fileID: 0}
    - target: {fileID: 4539155917122416525, guid: 353acd350ef769d42b815295a787fc5f,
        type: 3}
      propertyPath: m_LocalRotation.w
      value: 1
      objectReference: {fileID: 0}
    - target: {fileID: 4539155917122416525, guid: 353acd350ef769d42b815295a787fc5f,
        type: 3}
      propertyPath: m_LocalRotation.x
      value: 0
      objectReference: {fileID: 0}
    - target: {fileID: 4539155917122416525, guid: 353acd350ef769d42b815295a787fc5f,
        type: 3}
      propertyPath: m_LocalRotation.y
      value: 0
      objectReference: {fileID: 0}
    - target: {fileID: 4539155917122416525, guid: 353acd350ef769d42b815295a787fc5f,
        type: 3}
      propertyPath: m_LocalRotation.z
      value: 0
      objectReference: {fileID: 0}
    - target: {fileID: 4539155917122416525, guid: 353acd350ef769d42b815295a787fc5f,
        type: 3}
      propertyPath: m_LocalEulerAnglesHint.x
      value: 0
      objectReference: {fileID: 0}
    - target: {fileID: 4539155917122416525, guid: 353acd350ef769d42b815295a787fc5f,
        type: 3}
      propertyPath: m_LocalEulerAnglesHint.y
      value: 0
      objectReference: {fileID: 0}
    - target: {fileID: 4539155917122416525, guid: 353acd350ef769d42b815295a787fc5f,
        type: 3}
      propertyPath: m_LocalEulerAnglesHint.z
      value: 0
      objectReference: {fileID: 0}
    m_RemovedComponents: []
  m_SourcePrefab: {fileID: 100100000, guid: 353acd350ef769d42b815295a787fc5f, type: 3}
--- !u!4 &7147201737641411842 stripped
Transform:
  m_CorrespondingSourceObject: {fileID: 4539155917122416525, guid: 353acd350ef769d42b815295a787fc5f,
    type: 3}
  m_PrefabInstance: {fileID: 6760365235839330959}
  m_PrefabAsset: {fileID: 0}
--- !u!1001 &6760365235858613370
PrefabInstance:
  m_ObjectHideFlags: 0
  serializedVersion: 2
  m_Modification:
    m_TransformParent: {fileID: 6760365235705805330}
    m_Modifications:
    - target: {fileID: 4539155917122416512, guid: 353acd350ef769d42b815295a787fc5f,
        type: 3}
      propertyPath: m_Name
      value: Item (5)
      objectReference: {fileID: 0}
    - target: {fileID: 4539155917122416514, guid: 353acd350ef769d42b815295a787fc5f,
        type: 3}
      propertyPath: m_Sprite
      value: 
      objectReference: {fileID: 21300000, guid: e345412a6d23949a18054b5c8e9d3397,
        type: 3}
    - target: {fileID: 4539155917122416514, guid: 353acd350ef769d42b815295a787fc5f,
        type: 3}
      propertyPath: m_Color.b
      value: 1
      objectReference: {fileID: 0}
    - target: {fileID: 4539155917122416514, guid: 353acd350ef769d42b815295a787fc5f,
        type: 3}
      propertyPath: m_Color.g
      value: 1
      objectReference: {fileID: 0}
    - target: {fileID: 4539155917122416514, guid: 353acd350ef769d42b815295a787fc5f,
        type: 3}
      propertyPath: m_Color.r
      value: 1
      objectReference: {fileID: 0}
    - target: {fileID: 4539155917122416515, guid: 353acd350ef769d42b815295a787fc5f,
        type: 3}
      propertyPath: _name
      value: 6
      objectReference: {fileID: 0}
    - target: {fileID: 4539155917122416524, guid: 353acd350ef769d42b815295a787fc5f,
        type: 3}
      propertyPath: m_SpriteTilingProperty.oldSize.x
      value: 15.45
      objectReference: {fileID: 0}
    - target: {fileID: 4539155917122416524, guid: 353acd350ef769d42b815295a787fc5f,
        type: 3}
      propertyPath: m_SpriteTilingProperty.oldSize.y
      value: 10.49
      objectReference: {fileID: 0}
    - target: {fileID: 4539155917122416525, guid: 353acd350ef769d42b815295a787fc5f,
        type: 3}
      propertyPath: m_RootOrder
      value: 6
      objectReference: {fileID: 0}
    - target: {fileID: 4539155917122416525, guid: 353acd350ef769d42b815295a787fc5f,
        type: 3}
      propertyPath: m_LocalScale.x
      value: 0.029386148
      objectReference: {fileID: 0}
    - target: {fileID: 4539155917122416525, guid: 353acd350ef769d42b815295a787fc5f,
        type: 3}
      propertyPath: m_LocalScale.y
      value: 0.036120635
      objectReference: {fileID: 0}
    - target: {fileID: 4539155917122416525, guid: 353acd350ef769d42b815295a787fc5f,
        type: 3}
      propertyPath: m_LocalScale.z
      value: 0.1
      objectReference: {fileID: 0}
    - target: {fileID: 4539155917122416525, guid: 353acd350ef769d42b815295a787fc5f,
        type: 3}
      propertyPath: m_LocalPosition.x
      value: 2.0638
      objectReference: {fileID: 0}
    - target: {fileID: 4539155917122416525, guid: 353acd350ef769d42b815295a787fc5f,
        type: 3}
      propertyPath: m_LocalPosition.y
      value: -1.5759
      objectReference: {fileID: 0}
    - target: {fileID: 4539155917122416525, guid: 353acd350ef769d42b815295a787fc5f,
        type: 3}
      propertyPath: m_LocalPosition.z
      value: -0.1
      objectReference: {fileID: 0}
    - target: {fileID: 4539155917122416525, guid: 353acd350ef769d42b815295a787fc5f,
        type: 3}
      propertyPath: m_LocalRotation.w
      value: 1
      objectReference: {fileID: 0}
    - target: {fileID: 4539155917122416525, guid: 353acd350ef769d42b815295a787fc5f,
        type: 3}
      propertyPath: m_LocalRotation.x
      value: 0
      objectReference: {fileID: 0}
    - target: {fileID: 4539155917122416525, guid: 353acd350ef769d42b815295a787fc5f,
        type: 3}
      propertyPath: m_LocalRotation.y
      value: 0
      objectReference: {fileID: 0}
    - target: {fileID: 4539155917122416525, guid: 353acd350ef769d42b815295a787fc5f,
        type: 3}
      propertyPath: m_LocalRotation.z
      value: 0
      objectReference: {fileID: 0}
    - target: {fileID: 4539155917122416525, guid: 353acd350ef769d42b815295a787fc5f,
        type: 3}
      propertyPath: m_LocalEulerAnglesHint.x
      value: 0
      objectReference: {fileID: 0}
    - target: {fileID: 4539155917122416525, guid: 353acd350ef769d42b815295a787fc5f,
        type: 3}
      propertyPath: m_LocalEulerAnglesHint.y
      value: 0
      objectReference: {fileID: 0}
    - target: {fileID: 4539155917122416525, guid: 353acd350ef769d42b815295a787fc5f,
        type: 3}
      propertyPath: m_LocalEulerAnglesHint.z
      value: 0
      objectReference: {fileID: 0}
    m_RemovedComponents: []
  m_SourcePrefab: {fileID: 100100000, guid: 353acd350ef769d42b815295a787fc5f, type: 3}
--- !u!4 &7147201737662729207 stripped
Transform:
  m_CorrespondingSourceObject: {fileID: 4539155917122416525, guid: 353acd350ef769d42b815295a787fc5f,
    type: 3}
  m_PrefabInstance: {fileID: 6760365235858613370}
  m_PrefabAsset: {fileID: 0}
--- !u!1001 &6760365236006661703
PrefabInstance:
  m_ObjectHideFlags: 0
  serializedVersion: 2
  m_Modification:
    m_TransformParent: {fileID: 6760365235705805330}
    m_Modifications:
    - target: {fileID: 4539155917122416512, guid: 353acd350ef769d42b815295a787fc5f,
        type: 3}
      propertyPath: m_Name
      value: Item (7)
      objectReference: {fileID: 0}
    - target: {fileID: 4539155917122416514, guid: 353acd350ef769d42b815295a787fc5f,
        type: 3}
      propertyPath: m_Sprite
      value: 
      objectReference: {fileID: 21300000, guid: 3e7309706a9f2412f8ccc6a973694aa0,
        type: 3}
    - target: {fileID: 4539155917122416514, guid: 353acd350ef769d42b815295a787fc5f,
        type: 3}
      propertyPath: m_Color.b
      value: 1
      objectReference: {fileID: 0}
    - target: {fileID: 4539155917122416514, guid: 353acd350ef769d42b815295a787fc5f,
        type: 3}
      propertyPath: m_Color.g
      value: 1
      objectReference: {fileID: 0}
    - target: {fileID: 4539155917122416514, guid: 353acd350ef769d42b815295a787fc5f,
        type: 3}
      propertyPath: m_Color.r
      value: 1
      objectReference: {fileID: 0}
    - target: {fileID: 4539155917122416515, guid: 353acd350ef769d42b815295a787fc5f,
        type: 3}
      propertyPath: _name
      value: 8
      objectReference: {fileID: 0}
    - target: {fileID: 4539155917122416524, guid: 353acd350ef769d42b815295a787fc5f,
        type: 3}
      propertyPath: m_SpriteTilingProperty.oldSize.x
      value: 15.3
      objectReference: {fileID: 0}
    - target: {fileID: 4539155917122416524, guid: 353acd350ef769d42b815295a787fc5f,
        type: 3}
      propertyPath: m_SpriteTilingProperty.oldSize.y
      value: 7.61
      objectReference: {fileID: 0}
    - target: {fileID: 4539155917122416525, guid: 353acd350ef769d42b815295a787fc5f,
        type: 3}
      propertyPath: m_RootOrder
      value: 8
      objectReference: {fileID: 0}
    - target: {fileID: 4539155917122416525, guid: 353acd350ef769d42b815295a787fc5f,
        type: 3}
      propertyPath: m_LocalScale.x
      value: 0.029386148
      objectReference: {fileID: 0}
    - target: {fileID: 4539155917122416525, guid: 353acd350ef769d42b815295a787fc5f,
        type: 3}
      propertyPath: m_LocalScale.y
      value: 0.036120635
      objectReference: {fileID: 0}
    - target: {fileID: 4539155917122416525, guid: 353acd350ef769d42b815295a787fc5f,
        type: 3}
      propertyPath: m_LocalScale.z
      value: 0.1
      objectReference: {fileID: 0}
    - target: {fileID: 4539155917122416525, guid: 353acd350ef769d42b815295a787fc5f,
        type: 3}
      propertyPath: m_LocalPosition.x
      value: 2.01
      objectReference: {fileID: 0}
    - target: {fileID: 4539155917122416525, guid: 353acd350ef769d42b815295a787fc5f,
        type: 3}
      propertyPath: m_LocalPosition.y
      value: 2.209
      objectReference: {fileID: 0}
    - target: {fileID: 4539155917122416525, guid: 353acd350ef769d42b815295a787fc5f,
        type: 3}
      propertyPath: m_LocalPosition.z
      value: -0.1
      objectReference: {fileID: 0}
    - target: {fileID: 4539155917122416525, guid: 353acd350ef769d42b815295a787fc5f,
        type: 3}
      propertyPath: m_LocalRotation.w
      value: 1
      objectReference: {fileID: 0}
    - target: {fileID: 4539155917122416525, guid: 353acd350ef769d42b815295a787fc5f,
        type: 3}
      propertyPath: m_LocalRotation.x
      value: 0
      objectReference: {fileID: 0}
    - target: {fileID: 4539155917122416525, guid: 353acd350ef769d42b815295a787fc5f,
        type: 3}
      propertyPath: m_LocalRotation.y
      value: 0
      objectReference: {fileID: 0}
    - target: {fileID: 4539155917122416525, guid: 353acd350ef769d42b815295a787fc5f,
        type: 3}
      propertyPath: m_LocalRotation.z
      value: 0
      objectReference: {fileID: 0}
    - target: {fileID: 4539155917122416525, guid: 353acd350ef769d42b815295a787fc5f,
        type: 3}
      propertyPath: m_LocalEulerAnglesHint.x
      value: 0
      objectReference: {fileID: 0}
    - target: {fileID: 4539155917122416525, guid: 353acd350ef769d42b815295a787fc5f,
        type: 3}
      propertyPath: m_LocalEulerAnglesHint.y
      value: 0
      objectReference: {fileID: 0}
    - target: {fileID: 4539155917122416525, guid: 353acd350ef769d42b815295a787fc5f,
        type: 3}
      propertyPath: m_LocalEulerAnglesHint.z
      value: 0
      objectReference: {fileID: 0}
    m_RemovedComponents: []
  m_SourcePrefab: {fileID: 100100000, guid: 353acd350ef769d42b815295a787fc5f, type: 3}
--- !u!4 &7147201737674326474 stripped
Transform:
  m_CorrespondingSourceObject: {fileID: 4539155917122416525, guid: 353acd350ef769d42b815295a787fc5f,
    type: 3}
  m_PrefabInstance: {fileID: 6760365236006661703}
  m_PrefabAsset: {fileID: 0}
--- !u!1001 &6760365236080282415
PrefabInstance:
  m_ObjectHideFlags: 0
  serializedVersion: 2
  m_Modification:
    m_TransformParent: {fileID: 6760365235705805330}
    m_Modifications:
    - target: {fileID: 4539155917122416512, guid: 353acd350ef769d42b815295a787fc5f,
        type: 3}
      propertyPath: m_Name
      value: Item (2)
      objectReference: {fileID: 0}
    - target: {fileID: 4539155917122416514, guid: 353acd350ef769d42b815295a787fc5f,
        type: 3}
      propertyPath: m_Sprite
      value: 
      objectReference: {fileID: 21300000, guid: ae38d8aa900f8470ba0de08349cd6a08,
        type: 3}
    - target: {fileID: 4539155917122416514, guid: 353acd350ef769d42b815295a787fc5f,
        type: 3}
      propertyPath: m_Color.b
      value: 1
      objectReference: {fileID: 0}
    - target: {fileID: 4539155917122416514, guid: 353acd350ef769d42b815295a787fc5f,
        type: 3}
      propertyPath: m_Color.g
      value: 1
      objectReference: {fileID: 0}
    - target: {fileID: 4539155917122416514, guid: 353acd350ef769d42b815295a787fc5f,
        type: 3}
      propertyPath: m_Color.r
      value: 1
      objectReference: {fileID: 0}
    - target: {fileID: 4539155917122416515, guid: 353acd350ef769d42b815295a787fc5f,
        type: 3}
      propertyPath: _name
      value: 3
      objectReference: {fileID: 0}
    - target: {fileID: 4539155917122416524, guid: 353acd350ef769d42b815295a787fc5f,
        type: 3}
      propertyPath: m_SpriteTilingProperty.oldSize.x
      value: 15.18
      objectReference: {fileID: 0}
    - target: {fileID: 4539155917122416524, guid: 353acd350ef769d42b815295a787fc5f,
        type: 3}
      propertyPath: m_SpriteTilingProperty.oldSize.y
      value: 8.97
      objectReference: {fileID: 0}
    - target: {fileID: 4539155917122416525, guid: 353acd350ef769d42b815295a787fc5f,
        type: 3}
      propertyPath: m_RootOrder
      value: 3
      objectReference: {fileID: 0}
    - target: {fileID: 4539155917122416525, guid: 353acd350ef769d42b815295a787fc5f,
        type: 3}
      propertyPath: m_LocalScale.x
      value: 0.026643863
      objectReference: {fileID: 0}
    - target: {fileID: 4539155917122416525, guid: 353acd350ef769d42b815295a787fc5f,
        type: 3}
      propertyPath: m_LocalScale.y
      value: 0.035606924
      objectReference: {fileID: 0}
    - target: {fileID: 4539155917122416525, guid: 353acd350ef769d42b815295a787fc5f,
        type: 3}
      propertyPath: m_LocalScale.z
      value: 0.1
      objectReference: {fileID: 0}
    - target: {fileID: 4539155917122416525, guid: 353acd350ef769d42b815295a787fc5f,
        type: 3}
      propertyPath: m_LocalPosition.x
      value: -1.699
      objectReference: {fileID: 0}
    - target: {fileID: 4539155917122416525, guid: 353acd350ef769d42b815295a787fc5f,
        type: 3}
      propertyPath: m_LocalPosition.y
      value: 2.775
      objectReference: {fileID: 0}
    - target: {fileID: 4539155917122416525, guid: 353acd350ef769d42b815295a787fc5f,
        type: 3}
      propertyPath: m_LocalPosition.z
      value: -0.1
      objectReference: {fileID: 0}
    - target: {fileID: 4539155917122416525, guid: 353acd350ef769d42b815295a787fc5f,
        type: 3}
      propertyPath: m_LocalRotation.w
      value: 1
      objectReference: {fileID: 0}
    - target: {fileID: 4539155917122416525, guid: 353acd350ef769d42b815295a787fc5f,
        type: 3}
      propertyPath: m_LocalRotation.x
      value: 0
      objectReference: {fileID: 0}
    - target: {fileID: 4539155917122416525, guid: 353acd350ef769d42b815295a787fc5f,
        type: 3}
      propertyPath: m_LocalRotation.y
      value: 0
      objectReference: {fileID: 0}
    - target: {fileID: 4539155917122416525, guid: 353acd350ef769d42b815295a787fc5f,
        type: 3}
      propertyPath: m_LocalRotation.z
      value: 0
      objectReference: {fileID: 0}
    - target: {fileID: 4539155917122416525, guid: 353acd350ef769d42b815295a787fc5f,
        type: 3}
      propertyPath: m_LocalEulerAnglesHint.x
      value: 0
      objectReference: {fileID: 0}
    - target: {fileID: 4539155917122416525, guid: 353acd350ef769d42b815295a787fc5f,
        type: 3}
      propertyPath: m_LocalEulerAnglesHint.y
      value: 0
      objectReference: {fileID: 0}
    - target: {fileID: 4539155917122416525, guid: 353acd350ef769d42b815295a787fc5f,
        type: 3}
      propertyPath: m_LocalEulerAnglesHint.z
      value: 0
      objectReference: {fileID: 0}
    m_RemovedComponents: []
  m_SourcePrefab: {fileID: 100100000, guid: 353acd350ef769d42b815295a787fc5f, type: 3}
--- !u!4 &7147201736267441314 stripped
Transform:
  m_CorrespondingSourceObject: {fileID: 4539155917122416525, guid: 353acd350ef769d42b815295a787fc5f,
    type: 3}
  m_PrefabInstance: {fileID: 6760365236080282415}
  m_PrefabAsset: {fileID: 0}
--- !u!1001 &6760365236466880503
PrefabInstance:
  m_ObjectHideFlags: 0
  serializedVersion: 2
  m_Modification:
    m_TransformParent: {fileID: 6760365235705805330}
    m_Modifications:
    - target: {fileID: 4539155917122416512, guid: 353acd350ef769d42b815295a787fc5f,
        type: 3}
      propertyPath: m_Name
      value: Item (8)
      objectReference: {fileID: 0}
    - target: {fileID: 4539155917122416514, guid: 353acd350ef769d42b815295a787fc5f,
        type: 3}
      propertyPath: m_Sprite
      value: 
      objectReference: {fileID: 21300000, guid: 7d0a637bb2e1844b495e65b63765968a,
        type: 3}
    - target: {fileID: 4539155917122416514, guid: 353acd350ef769d42b815295a787fc5f,
        type: 3}
      propertyPath: m_Color.b
      value: 1
      objectReference: {fileID: 0}
    - target: {fileID: 4539155917122416514, guid: 353acd350ef769d42b815295a787fc5f,
        type: 3}
      propertyPath: m_Color.g
      value: 1
      objectReference: {fileID: 0}
    - target: {fileID: 4539155917122416514, guid: 353acd350ef769d42b815295a787fc5f,
        type: 3}
      propertyPath: m_Color.r
      value: 1
      objectReference: {fileID: 0}
    - target: {fileID: 4539155917122416515, guid: 353acd350ef769d42b815295a787fc5f,
        type: 3}
      propertyPath: _name
      value: 9
      objectReference: {fileID: 0}
    - target: {fileID: 4539155917122416524, guid: 353acd350ef769d42b815295a787fc5f,
        type: 3}
      propertyPath: m_SpriteTilingProperty.oldSize.x
      value: 15.46
      objectReference: {fileID: 0}
    - target: {fileID: 4539155917122416524, guid: 353acd350ef769d42b815295a787fc5f,
        type: 3}
      propertyPath: m_SpriteTilingProperty.oldSize.y
      value: 14.3
      objectReference: {fileID: 0}
    - target: {fileID: 4539155917122416525, guid: 353acd350ef769d42b815295a787fc5f,
        type: 3}
      propertyPath: m_RootOrder
      value: 9
      objectReference: {fileID: 0}
    - target: {fileID: 4539155917122416525, guid: 353acd350ef769d42b815295a787fc5f,
        type: 3}
      propertyPath: m_LocalScale.x
      value: 0.02978454
      objectReference: {fileID: 0}
    - target: {fileID: 4539155917122416525, guid: 353acd350ef769d42b815295a787fc5f,
        type: 3}
      propertyPath: m_LocalScale.y
      value: 0.036407936
      objectReference: {fileID: 0}
    - target: {fileID: 4539155917122416525, guid: 353acd350ef769d42b815295a787fc5f,
        type: 3}
      propertyPath: m_LocalScale.z
      value: 0.1
      objectReference: {fileID: 0}
    - target: {fileID: 4539155917122416525, guid: 353acd350ef769d42b815295a787fc5f,
        type: 3}
      propertyPath: m_LocalPosition.x
      value: 0.6223
      objectReference: {fileID: 0}
    - target: {fileID: 4539155917122416525, guid: 353acd350ef769d42b815295a787fc5f,
        type: 3}
      propertyPath: m_LocalPosition.y
      value: 4.7729
      objectReference: {fileID: 0}
    - target: {fileID: 4539155917122416525, guid: 353acd350ef769d42b815295a787fc5f,
        type: 3}
      propertyPath: m_LocalPosition.z
      value: -0.1
      objectReference: {fileID: 0}
    - target: {fileID: 4539155917122416525, guid: 353acd350ef769d42b815295a787fc5f,
        type: 3}
      propertyPath: m_LocalRotation.w
      value: 1
      objectReference: {fileID: 0}
    - target: {fileID: 4539155917122416525, guid: 353acd350ef769d42b815295a787fc5f,
        type: 3}
      propertyPath: m_LocalRotation.x
      value: 0
      objectReference: {fileID: 0}
    - target: {fileID: 4539155917122416525, guid: 353acd350ef769d42b815295a787fc5f,
        type: 3}
      propertyPath: m_LocalRotation.y
      value: 0
      objectReference: {fileID: 0}
    - target: {fileID: 4539155917122416525, guid: 353acd350ef769d42b815295a787fc5f,
        type: 3}
      propertyPath: m_LocalRotation.z
      value: 0
      objectReference: {fileID: 0}
    - target: {fileID: 4539155917122416525, guid: 353acd350ef769d42b815295a787fc5f,
        type: 3}
      propertyPath: m_LocalEulerAnglesHint.x
      value: 0
      objectReference: {fileID: 0}
    - target: {fileID: 4539155917122416525, guid: 353acd350ef769d42b815295a787fc5f,
        type: 3}
      propertyPath: m_LocalEulerAnglesHint.y
      value: 0
      objectReference: {fileID: 0}
    - target: {fileID: 4539155917122416525, guid: 353acd350ef769d42b815295a787fc5f,
        type: 3}
      propertyPath: m_LocalEulerAnglesHint.z
      value: 0
      objectReference: {fileID: 0}
    m_RemovedComponents: []
  m_SourcePrefab: {fileID: 100100000, guid: 353acd350ef769d42b815295a787fc5f, type: 3}
--- !u!4 &7147201735989371002 stripped
Transform:
  m_CorrespondingSourceObject: {fileID: 4539155917122416525, guid: 353acd350ef769d42b815295a787fc5f,
    type: 3}
  m_PrefabInstance: {fileID: 6760365236466880503}
  m_PrefabAsset: {fileID: 0}
--- !u!1001 &6760365237026863627
PrefabInstance:
  m_ObjectHideFlags: 0
  serializedVersion: 2
  m_Modification:
    m_TransformParent: {fileID: 6760365235705805330}
    m_Modifications:
    - target: {fileID: 4539155917122416512, guid: 353acd350ef769d42b815295a787fc5f,
        type: 3}
      propertyPath: m_Name
      value: Item (1)
      objectReference: {fileID: 0}
    - target: {fileID: 4539155917122416514, guid: 353acd350ef769d42b815295a787fc5f,
        type: 3}
      propertyPath: m_Sprite
      value: 
      objectReference: {fileID: 21300000, guid: 3d3c3c25c100b412ea4043b742f2dc32,
        type: 3}
    - target: {fileID: 4539155917122416514, guid: 353acd350ef769d42b815295a787fc5f,
        type: 3}
      propertyPath: m_Color.b
      value: 1
      objectReference: {fileID: 0}
    - target: {fileID: 4539155917122416514, guid: 353acd350ef769d42b815295a787fc5f,
        type: 3}
      propertyPath: m_Color.g
      value: 1
      objectReference: {fileID: 0}
    - target: {fileID: 4539155917122416514, guid: 353acd350ef769d42b815295a787fc5f,
        type: 3}
      propertyPath: m_Color.r
      value: 1
      objectReference: {fileID: 0}
    - target: {fileID: 4539155917122416515, guid: 353acd350ef769d42b815295a787fc5f,
        type: 3}
      propertyPath: _name
      value: 2
      objectReference: {fileID: 0}
    - target: {fileID: 4539155917122416524, guid: 353acd350ef769d42b815295a787fc5f,
        type: 3}
      propertyPath: m_SpriteTilingProperty.oldSize.x
      value: 11.53
      objectReference: {fileID: 0}
    - target: {fileID: 4539155917122416524, guid: 353acd350ef769d42b815295a787fc5f,
        type: 3}
      propertyPath: m_SpriteTilingProperty.oldSize.y
      value: 9.01
      objectReference: {fileID: 0}
    - target: {fileID: 4539155917122416525, guid: 353acd350ef769d42b815295a787fc5f,
        type: 3}
      propertyPath: m_RootOrder
      value: 2
      objectReference: {fileID: 0}
    - target: {fileID: 4539155917122416525, guid: 353acd350ef769d42b815295a787fc5f,
        type: 3}
      propertyPath: m_LocalScale.x
      value: 0.027697248
      objectReference: {fileID: 0}
    - target: {fileID: 4539155917122416525, guid: 353acd350ef769d42b815295a787fc5f,
        type: 3}
      propertyPath: m_LocalScale.y
      value: 0.035606924
      objectReference: {fileID: 0}
    - target: {fileID: 4539155917122416525, guid: 353acd350ef769d42b815295a787fc5f,
        type: 3}
      propertyPath: m_LocalScale.z
      value: 0.1
      objectReference: {fileID: 0}
    - target: {fileID: 4539155917122416525, guid: 353acd350ef769d42b815295a787fc5f,
        type: 3}
      propertyPath: m_LocalPosition.x
      value: -1.0009
      objectReference: {fileID: 0}
    - target: {fileID: 4539155917122416525, guid: 353acd350ef769d42b815295a787fc5f,
        type: 3}
      propertyPath: m_LocalPosition.y
      value: 1.804
      objectReference: {fileID: 0}
    - target: {fileID: 4539155917122416525, guid: 353acd350ef769d42b815295a787fc5f,
        type: 3}
      propertyPath: m_LocalPosition.z
      value: -0.1
      objectReference: {fileID: 0}
    - target: {fileID: 4539155917122416525, guid: 353acd350ef769d42b815295a787fc5f,
        type: 3}
      propertyPath: m_LocalRotation.w
      value: 1
      objectReference: {fileID: 0}
    - target: {fileID: 4539155917122416525, guid: 353acd350ef769d42b815295a787fc5f,
        type: 3}
      propertyPath: m_LocalRotation.x
      value: 0
      objectReference: {fileID: 0}
    - target: {fileID: 4539155917122416525, guid: 353acd350ef769d42b815295a787fc5f,
        type: 3}
      propertyPath: m_LocalRotation.y
      value: 0
      objectReference: {fileID: 0}
    - target: {fileID: 4539155917122416525, guid: 353acd350ef769d42b815295a787fc5f,
        type: 3}
      propertyPath: m_LocalRotation.z
      value: 0
      objectReference: {fileID: 0}
    - target: {fileID: 4539155917122416525, guid: 353acd350ef769d42b815295a787fc5f,
        type: 3}
      propertyPath: m_LocalEulerAnglesHint.x
      value: 0
      objectReference: {fileID: 0}
    - target: {fileID: 4539155917122416525, guid: 353acd350ef769d42b815295a787fc5f,
        type: 3}
      propertyPath: m_LocalEulerAnglesHint.y
      value: 0
      objectReference: {fileID: 0}
    - target: {fileID: 4539155917122416525, guid: 353acd350ef769d42b815295a787fc5f,
        type: 3}
      propertyPath: m_LocalEulerAnglesHint.z
      value: 0
      objectReference: {fileID: 0}
    m_RemovedComponents: []
  m_SourcePrefab: {fileID: 100100000, guid: 353acd350ef769d42b815295a787fc5f, type: 3}
--- !u!4 &7147201736679298438 stripped
Transform:
  m_CorrespondingSourceObject: {fileID: 4539155917122416525, guid: 353acd350ef769d42b815295a787fc5f,
    type: 3}
  m_PrefabInstance: {fileID: 6760365237026863627}
  m_PrefabAsset: {fileID: 0}
--- !u!1001 &6760365237111733581
PrefabInstance:
  m_ObjectHideFlags: 0
  serializedVersion: 2
  m_Modification:
    m_TransformParent: {fileID: 6760365235705805330}
    m_Modifications:
    - target: {fileID: 4539155917122416512, guid: 353acd350ef769d42b815295a787fc5f,
        type: 3}
      propertyPath: m_Name
      value: Item (4)
      objectReference: {fileID: 0}
    - target: {fileID: 4539155917122416514, guid: 353acd350ef769d42b815295a787fc5f,
        type: 3}
      propertyPath: m_Sprite
      value: 
      objectReference: {fileID: 21300000, guid: d53d995409c4641d4b1ff840c1e87d95,
        type: 3}
    - target: {fileID: 4539155917122416514, guid: 353acd350ef769d42b815295a787fc5f,
        type: 3}
      propertyPath: m_Color.b
      value: 1
      objectReference: {fileID: 0}
    - target: {fileID: 4539155917122416514, guid: 353acd350ef769d42b815295a787fc5f,
        type: 3}
      propertyPath: m_Color.g
      value: 1
      objectReference: {fileID: 0}
    - target: {fileID: 4539155917122416514, guid: 353acd350ef769d42b815295a787fc5f,
        type: 3}
      propertyPath: m_Color.r
      value: 1
      objectReference: {fileID: 0}
    - target: {fileID: 4539155917122416515, guid: 353acd350ef769d42b815295a787fc5f,
        type: 3}
      propertyPath: _name
      value: 5
      objectReference: {fileID: 0}
    - target: {fileID: 4539155917122416524, guid: 353acd350ef769d42b815295a787fc5f,
        type: 3}
      propertyPath: m_SpriteTilingProperty.oldSize.x
      value: 11.86
      objectReference: {fileID: 0}
    - target: {fileID: 4539155917122416524, guid: 353acd350ef769d42b815295a787fc5f,
        type: 3}
      propertyPath: m_SpriteTilingProperty.oldSize.y
      value: 19.01
      objectReference: {fileID: 0}
    - target: {fileID: 4539155917122416525, guid: 353acd350ef769d42b815295a787fc5f,
        type: 3}
      propertyPath: m_RootOrder
      value: 5
      objectReference: {fileID: 0}
    - target: {fileID: 4539155917122416525, guid: 353acd350ef769d42b815295a787fc5f,
        type: 3}
      propertyPath: m_LocalScale.x
      value: 0.033130165
      objectReference: {fileID: 0}
    - target: {fileID: 4539155917122416525, guid: 353acd350ef769d42b815295a787fc5f,
        type: 3}
      propertyPath: m_LocalScale.y
      value: 0.041257717
      objectReference: {fileID: 0}
    - target: {fileID: 4539155917122416525, guid: 353acd350ef769d42b815295a787fc5f,
        type: 3}
      propertyPath: m_LocalScale.z
      value: 0.1
      objectReference: {fileID: 0}
    - target: {fileID: 4539155917122416525, guid: 353acd350ef769d42b815295a787fc5f,
        type: 3}
      propertyPath: m_LocalPosition.x
      value: 2.0887
      objectReference: {fileID: 0}
    - target: {fileID: 4539155917122416525, guid: 353acd350ef769d42b815295a787fc5f,
        type: 3}
      propertyPath: m_LocalPosition.y
      value: 0.8296
      objectReference: {fileID: 0}
    - target: {fileID: 4539155917122416525, guid: 353acd350ef769d42b815295a787fc5f,
        type: 3}
      propertyPath: m_LocalPosition.z
      value: -0.1
      objectReference: {fileID: 0}
    - target: {fileID: 4539155917122416525, guid: 353acd350ef769d42b815295a787fc5f,
        type: 3}
      propertyPath: m_LocalRotation.w
      value: 1
      objectReference: {fileID: 0}
    - target: {fileID: 4539155917122416525, guid: 353acd350ef769d42b815295a787fc5f,
        type: 3}
      propertyPath: m_LocalRotation.x
      value: 0
      objectReference: {fileID: 0}
    - target: {fileID: 4539155917122416525, guid: 353acd350ef769d42b815295a787fc5f,
        type: 3}
      propertyPath: m_LocalRotation.y
      value: 0
      objectReference: {fileID: 0}
    - target: {fileID: 4539155917122416525, guid: 353acd350ef769d42b815295a787fc5f,
        type: 3}
      propertyPath: m_LocalRotation.z
      value: 0
      objectReference: {fileID: 0}
    - target: {fileID: 4539155917122416525, guid: 353acd350ef769d42b815295a787fc5f,
        type: 3}
      propertyPath: m_LocalEulerAnglesHint.x
      value: 0
      objectReference: {fileID: 0}
    - target: {fileID: 4539155917122416525, guid: 353acd350ef769d42b815295a787fc5f,
        type: 3}
      propertyPath: m_LocalEulerAnglesHint.y
      value: 0
      objectReference: {fileID: 0}
    - target: {fileID: 4539155917122416525, guid: 353acd350ef769d42b815295a787fc5f,
        type: 3}
      propertyPath: m_LocalEulerAnglesHint.z
      value: 0
      objectReference: {fileID: 0}
    m_RemovedComponents: []
  m_SourcePrefab: {fileID: 100100000, guid: 353acd350ef769d42b815295a787fc5f, type: 3}
--- !u!4 &7147201736627720896 stripped
Transform:
  m_CorrespondingSourceObject: {fileID: 4539155917122416525, guid: 353acd350ef769d42b815295a787fc5f,
    type: 3}
  m_PrefabInstance: {fileID: 6760365237111733581}
  m_PrefabAsset: {fileID: 0}
--- !u!1001 &6760365237131313654
PrefabInstance:
  m_ObjectHideFlags: 0
  serializedVersion: 2
  m_Modification:
    m_TransformParent: {fileID: 6760365235705805330}
    m_Modifications:
    - target: {fileID: 4539155917122416512, guid: 353acd350ef769d42b815295a787fc5f,
        type: 3}
      propertyPath: m_Name
      value: Item (9)
      objectReference: {fileID: 0}
    - target: {fileID: 4539155917122416514, guid: 353acd350ef769d42b815295a787fc5f,
        type: 3}
      propertyPath: m_Sprite
      value: 
      objectReference: {fileID: 21300000, guid: 7eca66460ea1248d6973f282f7a87673,
        type: 3}
    - target: {fileID: 4539155917122416514, guid: 353acd350ef769d42b815295a787fc5f,
        type: 3}
      propertyPath: m_Color.b
      value: 1
      objectReference: {fileID: 0}
    - target: {fileID: 4539155917122416514, guid: 353acd350ef769d42b815295a787fc5f,
        type: 3}
      propertyPath: m_Color.g
      value: 1
      objectReference: {fileID: 0}
    - target: {fileID: 4539155917122416514, guid: 353acd350ef769d42b815295a787fc5f,
        type: 3}
      propertyPath: m_Color.r
      value: 1
      objectReference: {fileID: 0}
    - target: {fileID: 4539155917122416515, guid: 353acd350ef769d42b815295a787fc5f,
        type: 3}
      propertyPath: _name
      value: 10
      objectReference: {fileID: 0}
    - target: {fileID: 4539155917122416524, guid: 353acd350ef769d42b815295a787fc5f,
        type: 3}
      propertyPath: m_SpriteTilingProperty.oldSize.x
      value: 17.73
      objectReference: {fileID: 0}
    - target: {fileID: 4539155917122416524, guid: 353acd350ef769d42b815295a787fc5f,
        type: 3}
      propertyPath: m_SpriteTilingProperty.oldSize.y
      value: 6.31
      objectReference: {fileID: 0}
    - target: {fileID: 4539155917122416525, guid: 353acd350ef769d42b815295a787fc5f,
        type: 3}
      propertyPath: m_RootOrder
      value: 10
      objectReference: {fileID: 0}
    - target: {fileID: 4539155917122416525, guid: 353acd350ef769d42b815295a787fc5f,
        type: 3}
      propertyPath: m_LocalScale.x
      value: 0.023726651
      objectReference: {fileID: 0}
    - target: {fileID: 4539155917122416525, guid: 353acd350ef769d42b815295a787fc5f,
        type: 3}
      propertyPath: m_LocalScale.y
      value: 0.027905438
      objectReference: {fileID: 0}
    - target: {fileID: 4539155917122416525, guid: 353acd350ef769d42b815295a787fc5f,
        type: 3}
      propertyPath: m_LocalScale.z
      value: 0.1
      objectReference: {fileID: 0}
    - target: {fileID: 4539155917122416525, guid: 353acd350ef769d42b815295a787fc5f,
        type: 3}
      propertyPath: m_LocalPosition.x
      value: 0.493
      objectReference: {fileID: 0}
    - target: {fileID: 4539155917122416525, guid: 353acd350ef769d42b815295a787fc5f,
        type: 3}
      propertyPath: m_LocalPosition.y
      value: 2.072
      objectReference: {fileID: 0}
    - target: {fileID: 4539155917122416525, guid: 353acd350ef769d42b815295a787fc5f,
        type: 3}
      propertyPath: m_LocalPosition.z
      value: -0.1
      objectReference: {fileID: 0}
    - target: {fileID: 4539155917122416525, guid: 353acd350ef769d42b815295a787fc5f,
        type: 3}
      propertyPath: m_LocalRotation.w
      value: 0.65901196
      objectReference: {fileID: 0}
    - target: {fileID: 4539155917122416525, guid: 353acd350ef769d42b815295a787fc5f,
        type: 3}
      propertyPath: m_LocalRotation.x
      value: -0
      objectReference: {fileID: 0}
    - target: {fileID: 4539155917122416525, guid: 353acd350ef769d42b815295a787fc5f,
        type: 3}
      propertyPath: m_LocalRotation.y
      value: -0
      objectReference: {fileID: 0}
    - target: {fileID: 4539155917122416525, guid: 353acd350ef769d42b815295a787fc5f,
        type: 3}
      propertyPath: m_LocalRotation.z
      value: 0.7521325
      objectReference: {fileID: 0}
    - target: {fileID: 4539155917122416525, guid: 353acd350ef769d42b815295a787fc5f,
        type: 3}
      propertyPath: m_LocalEulerAnglesHint.x
      value: 0
      objectReference: {fileID: 0}
    - target: {fileID: 4539155917122416525, guid: 353acd350ef769d42b815295a787fc5f,
        type: 3}
      propertyPath: m_LocalEulerAnglesHint.y
      value: 0
      objectReference: {fileID: 0}
    - target: {fileID: 4539155917122416525, guid: 353acd350ef769d42b815295a787fc5f,
        type: 3}
      propertyPath: m_LocalEulerAnglesHint.z
      value: 97.551
      objectReference: {fileID: 0}
    m_RemovedComponents: []
  m_SourcePrefab: {fileID: 100100000, guid: 353acd350ef769d42b815295a787fc5f, type: 3}
--- !u!4 &7147201736651648635 stripped
Transform:
  m_CorrespondingSourceObject: {fileID: 4539155917122416525, guid: 353acd350ef769d42b815295a787fc5f,
    type: 3}
  m_PrefabInstance: {fileID: 6760365237131313654}
  m_PrefabAsset: {fileID: 0}
--- !u!1001 &6760365237136277971
PrefabInstance:
  m_ObjectHideFlags: 0
  serializedVersion: 2
  m_Modification:
    m_TransformParent: {fileID: 6760365235705805330}
    m_Modifications:
    - target: {fileID: 4539155917122416512, guid: 353acd350ef769d42b815295a787fc5f,
        type: 3}
      propertyPath: m_Name
      value: Item
      objectReference: {fileID: 0}
    - target: {fileID: 4539155917122416514, guid: 353acd350ef769d42b815295a787fc5f,
        type: 3}
      propertyPath: m_Color.b
      value: 1
      objectReference: {fileID: 0}
    - target: {fileID: 4539155917122416514, guid: 353acd350ef769d42b815295a787fc5f,
        type: 3}
      propertyPath: m_Color.g
      value: 1
      objectReference: {fileID: 0}
    - target: {fileID: 4539155917122416514, guid: 353acd350ef769d42b815295a787fc5f,
        type: 3}
      propertyPath: m_Color.r
      value: 1
      objectReference: {fileID: 0}
    - target: {fileID: 4539155917122416515, guid: 353acd350ef769d42b815295a787fc5f,
        type: 3}
      propertyPath: _name
      value: 1
      objectReference: {fileID: 0}
    - target: {fileID: 4539155917122416525, guid: 353acd350ef769d42b815295a787fc5f,
        type: 3}
      propertyPath: m_RootOrder
      value: 1
      objectReference: {fileID: 0}
    - target: {fileID: 4539155917122416525, guid: 353acd350ef769d42b815295a787fc5f,
        type: 3}
      propertyPath: m_LocalScale.x
      value: 0.035968475
      objectReference: {fileID: 0}
    - target: {fileID: 4539155917122416525, guid: 353acd350ef769d42b815295a787fc5f,
        type: 3}
      propertyPath: m_LocalScale.y
      value: 0.05065648
      objectReference: {fileID: 0}
    - target: {fileID: 4539155917122416525, guid: 353acd350ef769d42b815295a787fc5f,
        type: 3}
      propertyPath: m_LocalScale.z
      value: 0.1
      objectReference: {fileID: 0}
    - target: {fileID: 4539155917122416525, guid: 353acd350ef769d42b815295a787fc5f,
        type: 3}
      propertyPath: m_LocalPosition.x
      value: -1.132
      objectReference: {fileID: 0}
    - target: {fileID: 4539155917122416525, guid: 353acd350ef769d42b815295a787fc5f,
        type: 3}
      propertyPath: m_LocalPosition.y
      value: 0.18
      objectReference: {fileID: 0}
    - target: {fileID: 4539155917122416525, guid: 353acd350ef769d42b815295a787fc5f,
        type: 3}
      propertyPath: m_LocalPosition.z
      value: -0.1
      objectReference: {fileID: 0}
    - target: {fileID: 4539155917122416525, guid: 353acd350ef769d42b815295a787fc5f,
        type: 3}
      propertyPath: m_LocalRotation.w
      value: 0.9982576
      objectReference: {fileID: 0}
    - target: {fileID: 4539155917122416525, guid: 353acd350ef769d42b815295a787fc5f,
        type: 3}
      propertyPath: m_LocalRotation.x
      value: -0
      objectReference: {fileID: 0}
    - target: {fileID: 4539155917122416525, guid: 353acd350ef769d42b815295a787fc5f,
        type: 3}
      propertyPath: m_LocalRotation.y
      value: -0
      objectReference: {fileID: 0}
    - target: {fileID: 4539155917122416525, guid: 353acd350ef769d42b815295a787fc5f,
        type: 3}
      propertyPath: m_LocalRotation.z
      value: -0.059007674
      objectReference: {fileID: 0}
    - target: {fileID: 4539155917122416525, guid: 353acd350ef769d42b815295a787fc5f,
        type: 3}
      propertyPath: m_LocalEulerAnglesHint.x
      value: 0
      objectReference: {fileID: 0}
    - target: {fileID: 4539155917122416525, guid: 353acd350ef769d42b815295a787fc5f,
        type: 3}
      propertyPath: m_LocalEulerAnglesHint.y
      value: 0
      objectReference: {fileID: 0}
    - target: {fileID: 4539155917122416525, guid: 353acd350ef769d42b815295a787fc5f,
        type: 3}
      propertyPath: m_LocalEulerAnglesHint.z
      value: -6.7660003
      objectReference: {fileID: 0}
    m_RemovedComponents: []
  m_SourcePrefab: {fileID: 100100000, guid: 353acd350ef769d42b815295a787fc5f, type: 3}
--- !u!4 &7147201736654581342 stripped
Transform:
  m_CorrespondingSourceObject: {fileID: 4539155917122416525, guid: 353acd350ef769d42b815295a787fc5f,
    type: 3}
  m_PrefabInstance: {fileID: 6760365237136277971}
  m_PrefabAsset: {fileID: 0}
--- !u!1001 &9108873785187866728
PrefabInstance:
  m_ObjectHideFlags: 0
  serializedVersion: 2
  m_Modification:
    m_TransformParent: {fileID: 6760365235705805330}
    m_Modifications:
    - target: {fileID: 2573978913826961532, guid: 476e24eee50869143bf6731289036737,
        type: 3}
      propertyPath: m_RootOrder
      value: 0
      objectReference: {fileID: 0}
    - target: {fileID: 2573978913826961532, guid: 476e24eee50869143bf6731289036737,
        type: 3}
      propertyPath: m_LocalScale.z
      value: 1
      objectReference: {fileID: 0}
    - target: {fileID: 2573978913826961532, guid: 476e24eee50869143bf6731289036737,
        type: 3}
      propertyPath: m_LocalPosition.x
      value: 0
      objectReference: {fileID: 0}
    - target: {fileID: 2573978913826961532, guid: 476e24eee50869143bf6731289036737,
        type: 3}
      propertyPath: m_LocalPosition.y
      value: 1.857
      objectReference: {fileID: 0}
    - target: {fileID: 2573978913826961532, guid: 476e24eee50869143bf6731289036737,
        type: 3}
      propertyPath: m_LocalPosition.z
      value: 0
      objectReference: {fileID: 0}
    - target: {fileID: 2573978913826961532, guid: 476e24eee50869143bf6731289036737,
        type: 3}
      propertyPath: m_LocalRotation.w
      value: 1
      objectReference: {fileID: 0}
    - target: {fileID: 2573978913826961532, guid: 476e24eee50869143bf6731289036737,
        type: 3}
      propertyPath: m_LocalRotation.x
      value: 0
      objectReference: {fileID: 0}
    - target: {fileID: 2573978913826961532, guid: 476e24eee50869143bf6731289036737,
        type: 3}
      propertyPath: m_LocalRotation.y
      value: 0
      objectReference: {fileID: 0}
    - target: {fileID: 2573978913826961532, guid: 476e24eee50869143bf6731289036737,
        type: 3}
      propertyPath: m_LocalRotation.z
      value: 0
      objectReference: {fileID: 0}
    - target: {fileID: 2573978913826961532, guid: 476e24eee50869143bf6731289036737,
        type: 3}
      propertyPath: m_LocalEulerAnglesHint.x
      value: 0
      objectReference: {fileID: 0}
    - target: {fileID: 2573978913826961532, guid: 476e24eee50869143bf6731289036737,
        type: 3}
      propertyPath: m_LocalEulerAnglesHint.y
      value: 0
      objectReference: {fileID: 0}
    - target: {fileID: 2573978913826961532, guid: 476e24eee50869143bf6731289036737,
        type: 3}
      propertyPath: m_LocalEulerAnglesHint.z
      value: 0
      objectReference: {fileID: 0}
    - target: {fileID: 2573978913826961535, guid: 476e24eee50869143bf6731289036737,
        type: 3}
      propertyPath: m_Name
      value: BG
      objectReference: {fileID: 0}
    m_RemovedComponents: []
  m_SourcePrefab: {fileID: 100100000, guid: 476e24eee50869143bf6731289036737, type: 3}
--- !u!4 &6760365235535470612 stripped
Transform:
  m_CorrespondingSourceObject: {fileID: 2573978913826961532, guid: 476e24eee50869143bf6731289036737,
    type: 3}
  m_PrefabInstance: {fileID: 9108873785187866728}
  m_PrefabAsset: {fileID: 0}
